2456 3802
339 220 474 301 468

318 331 519 388 poregien.
559 323 745 381 Beneficii
795 338 812 365 1
825 336 862 365 1.
896 320 1103 365 Februarii
1147 333 1273 373 1704.

317 397 357 440 S.
380 390 588 433 Differam
603 415 616 436 ‚
636 386 686 430 &⁹
702 386 745 426 in
756 384 865 427 dieta
879 384 1147 426 Mediolancn.
1160 381 1275 424 Prio-

320 463 437 494 ratus
441 451 564 505 super
594 446 791 505 qualitate
819 445 1023 503 agnatitia
1053 445 1118 485 18.
1154 439 1277 501 Junit’

334 525 464 566 1703.
482 516 520 559 §.
535 509 793 563 comprobata
823 522 951 549 coram
980 519 1039 549 me
1055 535 1067 549 .
1092 501 1277 547 Maxime

331 573 425 630 post
458 566 971 614 emanatamtsententiam
1003 564 1278 616 institutionis

331 633 515 678 Andreae
532 632 585 674 ad
598 624 1213 684 exclufionempipfiusJosephi
1235 624 1278 666 in

329 695 625 739 auctoritatem
642 691 703 732 rei
718 689 909 741 judicatae
923 686 1184 733 transaCtam,
1204 697 1278 739 pet

331 769 459 812 quam
477 748 673 809 praeclusa
690 760 878 793 remanet
897 749 963 788 via
993 747 1279 788 interverten-

332 815 376 857 ‹li
395 813 557 855 firmata
575 812 618 851 in
639 810 748 851 dicta
764 805 973 850 sententia
989 834 1003 855 ‚
1031 805 1101 848 nisi
1119 805 1276 861 praev-io

332 872 550 917 Beneficio
567 869 848 913 restitutionis
865 869 908 910 in
920 868 1132 926 integrum
1149 895 1162 915 ,
1174 869 1278 911 Rota

330 934 372 975 t'n
387 935 426 977 T
423 935 536 974 uden.
564 928 808 974 Parochialis
831 942 872 978 9.
889 928 1012 988 ‘Junii
1033 942 1047 969 1
1058 942 1159 980 700.
1176 925 1280 974 §.si-

331 994 489 1050 quidem
508 1007 638 1037 coram
650 994 748 1033 Rffzo
766 990 972 1038 Conchen„
989 988 1038 1032 (θ’
1061 988 1102 1029 in
1115 989 1281 1030 Penn‘en.

331 1054 519 1110 Beneficii
517 1054 640 1107 super
646 1050 869 1107 pertinenti
873 1068 893 1092 a
914 1064 929 1091 1
940 1047 1138 1101 70Martii
1153 1062 1169 1088 1
1179 1060 1202 1098 7
1215 1060 1229 1087 1
1240 1062 1280 1088 0.

332 1121 371 1164 §.
390 1116 514 1159 Ultra
527 1114 634 1168 quod
648 1127 780 1154 coram
793 1116 944 1154 R.[>.D.
955 1124 1037 1152 meo
1050 1110 1281 1154 Aldrovan-

330 1178 380 1218 do
397 1204 410 1223 ,
427 1175 613 1219 &altera
629 1169 813 1229 expressa
829 1170 1084 1214 confeffione
1100 1198 1114 1218 ‚
1130 1173 1170 1212 ὅτ.
1188 1168 1283 1226 qui·
1323 1218 1327 1221 Α

331 1237 430 1278 dem
444 1235 652 1287 judiciali,
670 1230 808 1276 emissa
822 1234 864 1275 in
880 1231 1070 1274 articulis
1085 1230 1196 1272 datis
1226 1227 1280 1270 ad

329 1296 594 1354 probandam
628 1294 801 1351 praecise
830 1293 1078 1351 qualitatem
1097 1289 1279 1333 familia·

328 1371 417 1398 rem
437 1386 450 1404 ,
468 1356 615 1409 cuijus
633 1355 816 1397 nostrum
834 1367 919 1396 non
936 1352 1027 1396 finit
1045 1348 1159 1409 posse
1174 1363 1280 1394 con-

327 1417 543 1459 travenire
561 1421 663 1458 Rota
684 1415 726 1456 in
750 1419 904 1457 Comen.
931 1411 1187 1468 Cappellam'ae
1205 1424 1227 1462 3
1241 1423 1276 1450 1.

325 1476 482 1521 Martii
503 1489 628 1527 1702.
650 1480 688 1523 §-
707 1478 771 1517 Ex
808 1474 869 1516 his
886 1489 1013 1516 coram
1043 1469 1292 1524 Eminentffl‘

313 1538 414 1593 ssmo
429 1536 528 1577 dela
543 1536 583 1579 T
578 1535 752 1577 remoille
766 1564 781 1585 ‚
812 1535 862 1578 ὠ·
879 1536 920 1575 in
936 1534 1045 1576 dieta
1061 1538 1278 1576 Romana-2

328 1597 585 1651 Cappellaniae
617 1599 655 1638 S.
687 1595 843 1638 Nicolai
882 1595 953 1635 28.
983 1592 1107 1652 ‘'Junit‘
1150 1606 1166 1632 1
1178 1605 1278 1643 709.

334 1663 375 1706 §-
389 1659 452 1698 Ad
462 1672 545 1699 rem
573 1657 713 1714 itaque
741 1668 877 1696 coram
893 1657 989 1696 ΚΡ.
1007 1658 1059 1696 Ι).
1087 1667 1170 1695 meo
1202 1656 1282 1695 An-

321 1718 437 1773 saldo
452 1748 464 1759 .
1252 1727 1263 1761 ’,

396 1777 565 1834 Qibus
583 1777 641 1818 ita
657 1773 699 1817 se
714 1776 972 1819 habentibus
987 1802 1001 1822 ‚
1029 1773 1280 1829 superfluum

330 1839 418 1880 imo
431 1840 710 1892 incongruum
727 1836 1009 1878 existimarunt
1030 1835 1129 1875 DD.
1145 1835 1187 1874 in
1202 1834 1278 1875 isto

327 1898 491 1953 judicio
510 1893 751 1953 possessorio
767 1896 895 1937 altius
912 1894 1091 1950 aggredi
1104 1907 1280 1938 examen

328 1972 381 2001 an
398 1957 496 1999 vere
524 1953 845 1999 controversum
872 1954 1204 2011 Juspatronatus
1237 1954 1282 1996 sit

328 2018 536 2062 familiare
553 2046 567 2065 ‚
585 2031 661 2060 nec
678 2016 753 2064 ne',
770 2017 967 2059 altiorem
986 2015 1092 2056 hanc
1111 2016 1283 2073 indagi-

329 2093 424 2121 nem
441 2078 493 2121 ad
513 2078 759 2133 petitorium
789 2076 1034 2125 rejicientes
1053 2103 1066 2122 ,
1090 2075 1193 2125 licet
1209 2090 1283 2131 per

330 2136 594 2183 Defensores
626 2137 785 2193 Angeli
815 2135 1030 2178 mordicus
1048 2136 1283 2180 inculcare-

337 2213 407 2244 tur
423 2229 437 2248 ‚
455 2199 573 2258 quod
590 2213 662 2254 per
691 2195 850 2253 lapsum
884 2196 1136 2239 centenariae
1166 2211 1285 2238 num-

335 2274 463 2318 quam
481 2257 830 2315 praesentaverint‘
853 2285 867 2306 ,
900 2269 1039 2313 neque
1070 2259 1281 2305 extranei3

339 2333 480 2376 neque
506 2318 583 2360 filii
614 2318 881 2361 foeminarum
899 2344 912 2364 ‚
944 2314 1014 2357 sed
1036 2312 1168 2359 solnm
1188 2317 1282 2373 ipsae

336 2378 519 2422 foeminae
540 2380 713 2436 Agnatae
731 2375 1029 2433 praesentantes
1052 2377 1094 2417 in
1112 2379 1249 2432 capita
1267 2407 1281 2427 ,

336 2443 378 2483 &
395 2441 535 2483 nonin
554 2440 715 2494 stirpes,
733 2452 783 2480 ex
797 2437 953 2493 quibus
972 2438 1171 2479 omnibus
1183 2452 1285 2480 con-

338 2499 457 2543 cludi
477 2500 729 2556 qualitatem
746 2497 993 2540 familiarem
1008 2523 1021 2543 ‚
1035 2496 1138 2538 alias
1156 2498 1282 2548 dixit,

337 2564 443 2604 Rota
461 2559 504 2600 in
520 2558 629 2600 dieta
658 2557 842 2599 Firmana
854 2555 1195 2610 jurispatronatus
1217 2573 1236 2598 2
1251 2573 1286 2601 1.

338 2620 489 2674 Aprilis
514 2633 530 2660 1
541 2633 641 2673 704.
660 2617 882 2681 §.Qum
898 2645 913 2666 ,
927 2614 1100 2675 &seqq,
1115 2633 1285 2664 corant,

339 2681 398 2724 bo.
412 2695 485 2721 me.
503 2684 619 2722 Muto
636 2708 649 2721 .

398 2741 614 2783 Dilationi
630 2751 860 2797 propterea
888 2740 1029 2795 petitae
1049 2753 1126 2794 pro
1144 2752 1284 2795 parte)

332 2798 511 2860 Josephi
527 2816 578 2843 ex
596 2801 760 2843 motivo
773 2828 788 2848 ,
802 2799 920 2857 quod
942 2813 1026 2841 nou
1044 2798 1202 2842 fuerint
1221 2802 1286 2844 in-

345 2873 465 2918 tegre
481 2859 764 2917 transportata
779 2863 866 2901 acta
882 2888 896 2907 ,
927 2859 1135 2917 signanter
1154 2858 1285 2904 faeta,

344 2922 388 2964 in
419 2921 754 2977 praecedentibus
795 2921 982 2975 antiquis
1015 2919 1287 2963 institutioni-

344 2982 423 3024 bus
439 3011 452 3030 ,
471 2983 672 3039 quoniam
689 2994 781 3022 cum
797 2980 875 3031 jam
893 2980 915 3022 ὲ
933 2980 1120 3035 pluribus
1139 2981 1285 3024 menfi-

344 3042 422 3084 bus
475 3043 565 3097 post
599 3035 945 3096 subscriptionem
991 3039 1111 3082 dubii
1156 3039 1284 3084 fuerit

349 3102 669 3158 quampluribus
687 3101 1026 3143 intimationibus
1047 3100 1251 3144 lacessitus
1268 3131 1283 3152 ‚

347 3159 477 3201 visum
494 3162 573 3204 fuit
592 3177 643 3204 ex
661 3162 775 3203 illius
792 3161 1061 3203 contumacia
1078 3174 1162 3204 non
1182 3159 1283 3205 essu

344 3221 642 3263 retardandum
657 3222 817 3272 justitiae
829 3221 1187 3275 complementum
1201 3224 1286 3265 An-

345 3279 446 3334 gelo
470 3306 482 3324 ‚
501 3282 567 3319 cui
584 3279 729 3323 sufficit
744 3279 1034 3336 transportasse
1053 3281 1283 3336 processum

344 3339 619 3392 compilatum
641 3341 680 3381 in
698 3342 828 3395 prima
841 3342 1030 3383 instantia
1047 3370 1061 3389 ‚
1077 3346 1115 3383 δι
1136 3344 1284 3385 intitu-

340 3398 471 3440 latum
486 3397 536 3438 ab
555 3395 643 3453 ipso
662 3401 937 3441 Cancellario
951 3429 964 3448 ,
982 3401 1100 3457 quod
1134 3401 1179 3443 fit
1209 3418 1284 3446 co-

340 3458 407 3514 pia
424 3458 608 3498 omnium
626 3485 638 3504 ‚
661 3462 699 3500 &
717 3458 970 3516 singulorum
987 3464 1218 3519 astorum,q
1228 3477 1281 3504 uo

346 3518 476 3560 stante
488 3514 792 3575 transportatio
809 3519 964 3562 dicitur
993 3521 1160 3578 integra
1174 3549 1189 3571 ‚
1204 3522 1284 3567 do-

744 203 1235 275 Commentaria
1257 202 1338 281 ad
1354 199 1638 290 singulos
1659 205 1964 268 Canones

1395 332 1478 362 nec
1505 319 1764 374 contrarium
1789 318 1997 375 probetur
2025 313 2232 360 Cardinal.
2253 312 2339 358 de.-

1394 384 1500 427 Luca
1514 379 1562 426 de
1571 379 1694 432 judic.
1710 379 1804 432 disc.
1808 393 1830 432 3
1838 392 1879 429 7.
1896 390 2078 430 num-45.
2342 383 2344 386 ’

1456 441 1510 483 Et
1525 440 1584 483 ita
1599 439 1732 482 altera
1743 451 1908 492 tantum
1920 443 2000 483 &c.

1426 548 1624 592 R.1’.D.
1682 547 2253 594 ALTHANN.

1603 628 1834 674 Casertana
1849 627 2073 672 Beneficii.

1572 713 1786 763 Lunaets.
1819 712 1943 772 ‘’Junii
1978 713 2106 763 1716.

1457 808 1615 851 Eminis
1636 821 1721 851 non
1737 807 1911 849 attentis
1932 805 2156 850 sententiis
2170 833 2184 853 ‚
2201 804 2337 848 altera

1479 870 1672 911 nimirum
1688 869 1846 924 proprii
1865 868 2080 910 Ordinarii
2094 895 2108 915 ‚
2136 865 2344 923 postrema

1393 929 1639 979 veronostri
1656 930 1747 979 Sac.
1767 929 2008 974 Tribunalis
2025 927 2201 985 ‚praevia
2224 923 2343 968 deci-

1396 991 1509 1034 fione
1537 987 1610 1032 sub
1644 990 1712 1032 die
1738 1001 1807 1040 ²7·
1833 991 1976 1031 Martii
2013 1001 2141 1039 1715.
2174 998 2345 1030 coram.»

1393 1049 1726 1095 Eminentiffimo
1742 1049 1897 1092 Scotto
1928 1079 1942 1099 ‚
1972 1063 2072 1092 tunc
2099 1049 2160 1090 ibi
2185 1043 2360 1089 merito*

1392 1113 1457 1166 jus
1472 1112 1659 1159 dicente,
1675 1123 1880 1158 emanata,
1896 1112 2052 1168 quibus
2066 1109 2188 1151 hilari
2203 1107 2344 1150 animo

1396 1171 1613 1215 nitebatut
1627 1171 1818 1227 Angelus
1833 1171 1885 1212 de
1900 1172 2054 1213 Letitia
2066 1167 2342 1226 praesentatus

1396 1233 1448 1275 ad
1466 1231 1635 1288 simplex
1650 1229 1921 1280 Beneficium,
1938 1229 2006 1274 seu
2020 1229 2343 1287 Cappellaniam

1394 1294 1436 1335 S.
1450 1293 1593 1335 Mariae
1621 1291 1882 1351 Magdalenae
1901 1294 1944 1333 in
1973 1290 2152 1334 Ecclesia
2182 1287 2344 1345 Oppidi

1395 1351 1626 1395 Marranifii
1652 1352 1896 1395 existentem
1929 1353 2059 1394 veluti
2096 1351 2168 1393 fibi
2197 1349 2344 1406 propi·
2394 1384 2397 1390 ,

1399 1414 1471 1456 tiis
1489 1415 1532 1455 in
1550 1414 1822 1470 pronuntiata
1838 1409 1897 1454 sui
1925 1412 2184 1455 institutione
2202 1410 2255 1455 ad
2271 1422 2346 1452 ex-

1397 1471 1807 1530 clusionemJosephi
1823 1473 1934 1516 Farri
1948 1475 2122 1516 alterius
2139 1483 2344 1528 comprae-

1396 1532 1547 1579 scutati
1565 1563 1578 1581 ,
1593 1536 1755 1576 curavit
1772 1534 1844 1576 iste
1859 1531 2022 1576 causam
2037 1533 2254 1576 ulterioris
2269 1546 2344 1588 ap-

1396 1595 1645 1652 pellationis
1664 1595 1765 1637 mihi
1782 1597 1991 1637 committi
2009 1623 2023 1643 ,
2053 1607 2183 1651 atque
2214 1591 2268 1635 ad
2290 1591 2346 1634 il-

1396 1657 1478 1698 lius
1496 1656 1623 1697 etiam
1638 1656 1829 1697 tramites
1858 1657 1900 1696 in
1931 1654 2138 1697 hodierna
2165 1653 2344 1696 audien-

1399 1717 1458 1758 tia
1477 1717 1659 1770 proponi
1676 1712 1923 1757 consuetum
1941 1716 2114 1758 dubium
2133 1742 2147 1763 ,
2162 1711 2234 1756 sed
2251 1725 2339 1758 non

1403 1775 1587 1819 dissimili
1617 1774 1708 1820 fato
1725 1776 1888 1817 audivit
1905 1773 2146 1831 responsum
2174 1799 2216 1808 --
2245 1777 2344 1816 Sen-

1398 1838 1572 1878 tentiam
1591 1837 1769 1878 Rotalem
1785 1835 1855 1895 ff
1871 1834 2201 1886 confirmandam.

1458 1898 1523 1939 Ita
1540 1898 1741 1954 equidem
1766 1897 1911 1952 aperte
1943 1893 2235 1952 praescribente
2255 1907 2342 1940 nou

1400 1957 1536 1999 minus
1556 1957 1779 2000 validitate
1794 1957 1993 2000 haetenus
2011 1971 2095 1999 non
2117 1969 2340 2013 oppugna-

1403 2029 1445 2058 ta
1477 2019 1587 2059 inter
1615 2029 1755 2074 partes
1785 2045 1798 2066 ,
1827 2016 1957 2073 quam
1984 2017 2136 2067 justitia
2151 2044 2162 2065 ,
2181 2017 2340 2074 quibus

1401 2076 1608 2119 fulciebat
1649 2077 1794 2120 eadem
1828 2078 1991 2120 Rotalis
2027 2075 2232 2120 sententia
2262 2089 2340 2132 pro

1401 2139 1667 2180 institutione
1682 2135 1866 2188 ejusdem
1886 2138 2043 2194 Angeli
2063 2167 2076 2186 ,
2098 2149 2342 2195 tamquama

1400 2196 1639 2254 praesentati
1658 2199 1710 2240 ab
1738 2199 1926 2242 Antonia
1948 2227 1962 2247 ‚
1992 2204 2031 2242 &
2062 2197 2342 2253 Magdalena..

1398 2258 1585 2301 foeminis
1602 2257 1991 2316 Agnatis,utrisq1ie
2010 2260 2131 2301 unice
2151 2256 2342 2312 supersti-

1399 2319 1512 2360 tibus
1534 2319 1585 2359 de
1603 2316 1762 2359 familia
1780 2319 1973 2361 Morroni
1994 2347 2007 2368 ,
2025 2332 2115 2376 quae
2134 2320 2342 2373 reperitur

1400 2380 1444 2420 in
1460 2376 1572 2435 quasi
1593 2376 1835 2434 poffeffione
1855 2376 2157 2431 praesentandi,
2193 2383 2233 2421 ὅτ,
2247 2391 2343 2422 cum

1399 2437 1548 2482 effeetu
1565 2438 1653 2488 ,uti
1672 2439 1778 2480 tales
1796 2437 1888 2494 ipsae
1908 2437 2206 2496 praesentarunt
2222 2440 2264 2481 in
2278 2440 2344 2485 ul-

1400 2502 1508 2541 timo
1526 2499 1629 2540 statu
1647 2500 1742 2541 anni
1768 2504 1894 2548 1679.
1910 2528 1923 2548 ‚
1943 2514 1989 2542 ac
2006 2502 2342 2545 institutionem-v

1401 2560 1677 2602 obtinuerunt
1692 2561 1733 2601 in
1749 2557 1965 2614 personam
1986 2561 2164 2604 Andreae
2180 2560 2233 2601 de
2260 2559 2343 2602 Le·-

1401 2621 1494 2663 titia
1506 2634 1646 2662 earum
1662 2617 1911 2676 praesentati,
1927 2632 2055 2678 atque
2072 2621 2208 2662 ultimi
2225 2620 2341 2677 Cap-

1343 2694 1399 2736 34
1415 2680 1571 2737 pellani
1590 2708 1602 2728 ,
1619 2695 1691 2736 per
1711 2680 1829 2731 cujus
1849 2681 2013 2723 obitum
2035 2681 2247 2736 contingit
2266 2695 2341 2724 va-

1402 2742 1516 2782 catio
1531 2739 1713 2790 ejusdem
1731 2739 1947 2789 Beneficii,
1963 2756 2054 2783 cum
2073 2742 2114 2783 in
2132 2740 2343 2793 hujusmo-

1401 2802 1444 2843 di
1461 2798 1703 2857 possessorio
1720 2801 1881 2852 judicio
1897 2802 1971 2843 ille
2001 2801 2045 2844 fit
2062 2802 2340 2844 instituendus

1401 2864 1475 2918 qui
1493 2858 1759 2916 praesentatus
1776 2861 2007 2904 ostenditur
2023 2875 2097 2918 per
2119 2860 2339 2917 personam

1400 2921 1517 2975 juxta
1532 2922 1722 2963 ultimum
1740 2922 1882 2963 statum
1899 2923 1939 2964 in
1969 2921 2081 2980 quafi
2095 2919 2335 2977 possessione

1404 2979 1678 3037 praeseutandi
1706 2981 1950 3024 existentem
1979 3012 1992 3032 ‚
2025 2995 2068 3025 ut
2097 2981 2187 3025 sunt
2215 2984 2339 3027 Text.

1404 3041 1537 3095 aperti
1563 3041 1605 3082 in
1632 3054 1715 3095 cap.
1746 3043 1948 3096 querelam
1980 3056 2047 3093 24.
2064 3045 2110 3084 de
2127 3043 2238 3085 eleH.
2252 3054 2336 3095 cap.

1404 3117 1488 3142 cum
1508 3102 1671 3156 Ecclefia
1687 3102 1851 3144 Sutrina
1869 3107 1907 3149 §.
1927 3109 2004 3146 Nos
2021 3103 2144 3158 igitur
2161 3103 2207 3143 de
2235 3101 2337 3156 caus:

1395 3161 1527 3219 poffeſs
1543 3190 1555 3210 ,
1578 3161 1626 3205 ὠ·
1637 3162 1829 3216 prope-iet.
1855 3191 1869 3210 ,
1900 3166 1939 3205 &
1957 3164 2158 3219 praecipue
2179 3161 2220 3203 in
2252 3175 2337 3216 cap.

1403 3221 1744 3274 consultationibus
1759 3223 1806 3263 de
1815 3223 2017 3277 jurepatr.
2037 3251 2049 3270 ,
2082 3227 2119 3265 δι
2139 3222 2245 3264 ultra
2261 3224 2337 3264 ad-

1403 3281 1553 3324 ductos
1571 3281 1612 3321 in
1627 3283 1740 3336 decis}
1751 3283 1865 3333 hujus
1880 3283 1997 3336 causae
2009 3282 2191 3330 §.Docuit
2204 3298 2335 3324 coram

1403 3341 1701 3399 Eminenttfflmo
1731 3345 1858 3384 Scotto
1886 3342 2094 3385 continuo
2119 3340 2334 3398 respondit

1403 3402 1490 3442 ead.
1508 3407 1599 3446 Rot.
1615 3401 1656 3443 in
1681 3402 1867 3455 decis-82.
1883 3417 1965 3443 n.2.
1979 3415 2067 3455 par.
2079 3416 2143 3450 19.
2159 3417 2234 3446 rec.
2250 3404 2333 3446 iz..

1400 3462 1624 3502 Novarien.
1676 3461 1954 3516 Beneficiorum
1991 3466 2059 3502 26.
2104 3463 2341 3506 Novembris

1410 3534 1426 3561 1
1437 3534 1489 3573 70
1496 3534 1535 3574 3.
1567 3525 1606 3568 §.
1617 3522 1923 3565 Fundamentum
1938 3537 2068 3565 coram
2083 3523 2339 3580 Eminentiffi-

2277 3598 2337 3625 mo

2447 1393 2451 1405 „
2433 1287 2450 1367 ἴω
