<?xml version="1.0" encoding="UTF-8"?>
<!DOCTYPE html PUBLIC "-//W3C//DTD XHTML 1.0 Transitional//EN"
    "http://www.w3.org/TR/xhtml1/DTD/xhtml1-transitional.dtd">
<html xmlns="http://www.w3.org/1999/xhtml" xml:lang="en" lang="en">
 <head>
  <title>
</title>
<meta http-equiv="Content-Type" content="text/html;charset=utf-8" />
  <meta name='ocr-system' content='tesseract 3.04.00' />
  <meta name='ocr-capabilities' content='ocr_page ocr_carea ocr_par ocr_line ocrx_word'/>
</head>
<body>
  <div class='ocr_page' id='page_1' title='image "./commentariainsin02farguoft_0472.png"; bbox 0 0 2456 3802; ppageno 0'>
   <div class='ocr_carea' id='block_1_1' title="bbox 338 323 1291 1472">
    <p class='ocr_par' dir='ltr' id='par_1_1' title="bbox 338 323 1291 1472">
     <span class='ocr_line' id='line_1_1' title="bbox 338 323 1283 372; baseline 0.002 -3"><span class='ocrx_word' id='word_1_1' title='bbox 338 328 480 369; x_wconf 85' lang='lat' dir='ltr'>narius</span> <span class='ocrx_word' id='word_1_2' title='bbox 509 323 662 369; x_wconf 82' lang='lat' dir='ltr'>favore</span> <span class='ocrx_word' id='word_1_3' title='bbox 692 324 901 370; x_wconf 88' lang='lat' dir='ltr'>Francisci</span> <span class='ocrx_word' id='word_1_4' title='bbox 936 329 960 372; x_wconf 75' lang='lat' dir='ltr'>a</span> <span class='ocrx_word' id='word_1_5' title='bbox 991 326 1154 371; x_wconf 81' lang='lat' dir='ltr'>Caesare</span> <span class='ocrx_word' id='word_1_6' title='bbox 1188 327 1283 371; x_wconf 85' lang='lat' dir='ltr'>filio</span> 
     </span>
     <span class='ocr_line' id='line_1_2' title="bbox 341 383 1285 446; baseline 0.006 -20"><span class='ocrx_word' id='word_1_7' title='bbox 341 383 579 443; x_wconf 80' lang='lat' dir='ltr'>praesentati</span> <span class='ocrx_word' id='word_1_8' title='bbox 608 385 858 430; x_wconf 82' lang='lat' dir='ltr'>sententiam</span> <span class='ocrx_word' id='word_1_9' title='bbox 884 390 1161 432; x_wconf 87' lang='lat' dir='ltr'>institutionis</span> <span class='ocrx_word' id='word_1_10' title='bbox 1179 404 1285 446; x_wconf 92' lang='lat' dir='ltr'>pro-</span> 
     </span>
     <span class='ocr_line' id='line_1_3' title="bbox 346 447 1286 504; baseline 0.004 -16"><span class='ocrx_word' id='word_1_11' title='bbox 346 447 463 493; x_wconf 79' lang='lat' dir='ltr'>tulit,</span> <span class='ocrx_word' id='word_1_12' title='bbox 479 459 526 486; x_wconf 89' lang='lat' dir='ltr'>ac</span> <span class='ocrx_word' id='word_1_13' title='bbox 547 449 722 491; x_wconf 73' lang='lat' dir='ltr'>ulterius</span> <span class='ocrx_word' id='word_1_14' title='bbox 737 448 810 504; x_wconf 77' lang='lat' dir='ltr'>ipsi</span> <span class='ocrx_word' id='word_1_15' title='bbox 828 448 980 491; x_wconf 84' lang='lat' dir='ltr'>Caesari</span> <span class='ocrx_word' id='word_1_16' title='bbox 999 452 1183 492; x_wconf 80' lang='lat' dir='ltr'>Patrono</span> <span class='ocrx_word' id='word_1_17' title='bbox 1202 464 1286 491; x_wconf 85' lang='lat' dir='ltr'>ma-</span> 
     </span>
     <span class='ocr_line' id='line_1_4' title="bbox 347 507 1285 567; baseline 0.001 -17"><span class='ocrx_word' id='word_1_18' title='bbox 347 507 639 551; x_wconf 85' lang='lat' dir='ltr'>nutentioeem</span> <span class='ocrx_word' id='word_1_19' title='bbox 666 511 708 551; x_wconf 91' lang='lat' dir='ltr'>in</span> <span class='ocrx_word' id='word_1_20' title='bbox 724 508 836 567; x_wconf 83' lang='lat' dir='ltr'>quafi</span> <span class='ocrx_word' id='word_1_21' title='bbox 867 509 1108 566; x_wconf 80' lang='lat' dir='ltr'>poiseffione</span> <span class='ocrx_word' id='word_1_22' title='bbox 1125 508 1285 567; x_wconf 86' lang='lat' dir='ltr'>semper</span> 
     </span>
     <span class='ocr_line' id='line_1_5' title="bbox 350 566 1289 622; baseline 0.003 -13"><span class='ocrx_word' id='word_1_23' title='bbox 350 566 472 609; x_wconf 66' lang='lat' dir='ltr'>libera&gt;</span> <span class='ocrx_word' id='word_1_24' title='bbox 487 567 762 622; x_wconf 68' lang='lat' dir='ltr'>praesentandi</span> <span class='ocrx_word' id='word_1_25' title='bbox 781 570 1002 617; x_wconf 84' lang='lat' dir='ltr'>conceffit;</span> <span class='ocrx_word' id='word_1_26' title='bbox 1039 572 1194 614; x_wconf 78' lang='lat' dir='ltr'>Denuo</span> <span class='ocrx_word' id='word_1_27' title='bbox 1213 584 1289 614; x_wconf 90' lang='lat' dir='ltr'>ve-</span> 
     </span>
     <span class='ocr_line' id='line_1_6' title="bbox 349 628 1289 683; baseline 0.002 -12"><span class='ocrx_word' id='word_1_28' title='bbox 349 629 398 677; x_wconf 75' lang='lat' dir='ltr'>ro</span> <span class='ocrx_word' id='word_1_29' title='bbox 415 628 506 683; x_wconf 90' lang='lat' dir='ltr'>post</span> <span class='ocrx_word' id='word_1_30' title='bbox 522 643 701 673; x_wconf 89' lang='lat' dir='ltr'>mortem</span> <span class='ocrx_word' id='word_1_31' title='bbox 718 629 920 673; x_wconf 89' lang='lat' dir='ltr'>Francisci</span> <span class='ocrx_word' id='word_1_32' title='bbox 949 631 1289 674; x_wconf 70' lang='lat' dir='ltr'>Beneficiorum.—</span> 
     </span>
     <span class='ocr_line' id='line_1_7' title="bbox 348 689 1287 751; baseline -0.001 -17"><span class='ocrx_word' id='word_1_33' title='bbox 348 689 584 751; x_wconf 70' lang='lat' dir='ltr'>poss&#39;ess&#39;oris</span> <span class='ocrx_word' id='word_1_34' title='bbox 602 692 654 732; x_wconf 88' lang='lat' dir='ltr'>de</span> <span class='ocrx_word' id='word_1_35' title='bbox 668 704 777 732; x_wconf 88' lang='lat' dir='ltr'>anno</span> <span class='ocrx_word' id='word_1_36' title='bbox 800 703 849 740; x_wconf 92' lang='lat'>17</span> <span class='ocrx_word' id='word_1_37' title='bbox 862 691 1144 744; x_wconf 72' lang='lat' dir='ltr'>13.di6torum</span> <span class='ocrx_word' id='word_1_38' title='bbox 1161 693 1287 733; x_wconf 83' lang='lat' dir='ltr'>trium</span> 
     </span>
     <span class='ocr_line' id='line_1_8' title="bbox 350 749 1288 807; baseline -0.004 -11"><span class='ocrx_word' id='word_1_39' title='bbox 350 750 657 796; x_wconf 86' lang='lat' dir='ltr'>Beneficiorum</span> <span class='ocrx_word' id='word_1_40' title='bbox 674 751 899 792; x_wconf 88' lang='lat' dir='ltr'>vacatione</span> <span class='ocrx_word' id='word_1_41' title='bbox 917 749 1117 807; x_wconf 80' lang='lat' dir='ltr'>sequuta,</span> <span class='ocrx_word' id='word_1_42' title='bbox 1135 749 1288 800; x_wconf 81' lang='lat' dir='ltr'>Caesar,</span> 
     </span>
     <span class='ocr_line' id='line_1_9' title="bbox 352 809 1288 872; baseline 0 -18"><span class='ocrx_word' id='word_1_43' title='bbox 352 815 427 872; x_wconf 87' lang='lat' dir='ltr'>qui</span> <span class='ocrx_word' id='word_1_44' title='bbox 457 814 496 853; x_wconf 88' lang='lat' dir='ltr'>in</span> <span class='ocrx_word' id='word_1_45' title='bbox 534 812 685 852; x_wconf 91' lang='lat' dir='ltr'>ultimo</span> <span class='ocrx_word' id='word_1_46' title='bbox 717 809 818 850; x_wconf 88' lang='lat' dir='ltr'>statu</span> <span class='ocrx_word' id='word_1_47' title='bbox 846 813 1209 853; x_wconf 87' lang='lat' dir='ltr'>manutentionem</span> <span class='ocrx_word' id='word_1_48' title='bbox 1244 813 1288 854; x_wconf 90' lang='lat' dir='ltr'>in</span> 
     </span>
     <span class='ocr_line' id='line_1_10' title="bbox 351 869 1290 931; baseline 0 -17"><span class='ocrx_word' id='word_1_49' title='bbox 351 871 466 931; x_wconf 88' lang='lat' dir='ltr'>quafi</span> <span class='ocrx_word' id='word_1_50' title='bbox 492 869 734 927; x_wconf 78' lang='lat' dir='ltr'>poffeffione</span> <span class='ocrx_word' id='word_1_51' title='bbox 763 869 1037 925; x_wconf 86' lang='lat' dir='ltr'>praesentandi</span> <span class='ocrx_word' id='word_1_52' title='bbox 1059 870 1198 914; x_wconf 89' lang='lat' dir='ltr'>fuerat</span> <span class='ocrx_word' id='word_1_53' title='bbox 1214 872 1290 914; x_wconf 89' lang='lat' dir='ltr'>ob·-</span> 
     </span>
     <span class='ocr_line' id='line_1_11' title="bbox 351 930 1288 980; baseline -0.003 -4"><span class='ocrx_word' id='word_1_54' title='bbox 351 945 499 977; x_wconf 85' lang='lat' dir='ltr'>tentus</span> <span class='ocrx_word' id='word_1_55' title='bbox 516 961 529 980; x_wconf 80' lang='grc'><strong>,</strong></span> <span class='ocrx_word' id='word_1_56' title='bbox 558 932 611 973; x_wconf 87' lang='lat' dir='ltr'>ad</span> <span class='ocrx_word' id='word_1_57' title='bbox 629 931 777 972; x_wconf 87' lang='lat' dir='ltr'>eadem</span> <span class='ocrx_word' id='word_1_58' title='bbox 807 930 1017 973; x_wconf 86' lang='lat' dir='ltr'>Beneficia</span> <span class='ocrx_word' id='word_1_59' title='bbox 1042 933 1288 974; x_wconf 77' lang='lat' dir='ltr'>Clericum.1</span> 
     </span>
     <span class='ocr_line' id='line_1_12' title="bbox 347 992 1291 1038; baseline -0.001 -3"><span class='ocrx_word' id='word_1_60' title='bbox 347 994 585 1036; x_wconf 88' lang='lat' dir='ltr'>Antonium</span> <span class='ocrx_word' id='word_1_61' title='bbox 630 992 879 1033; x_wconf 84' lang='lat' dir='ltr'>Damianum</span> <span class='ocrx_word' id='word_1_62' title='bbox 906 993 1173 1038; x_wconf 84' lang='lat' dir='ltr'>nominavit;</span> <span class='ocrx_word' id='word_1_63' title='bbox 1205 995 1291 1035; x_wconf 90' lang='lat' dir='ltr'>Ve-</span> 
     </span>
     <span class='ocr_line' id='line_1_13' title="bbox 349 1052 1289 1109; baseline 0 -14"><span class='ocrx_word' id='word_1_64' title='bbox 349 1068 439 1096; x_wconf 91' lang='lat' dir='ltr'>rum</span> <span class='ocrx_word' id='word_1_65' title='bbox 459 1056 645 1109; x_wconf 78' lang='lat' dir='ltr'>Ioannes</span> <span class='ocrx_word' id='word_1_66' title='bbox 678 1052 889 1093; x_wconf 88' lang='lat' dir='ltr'>Robertus</span> <span class='ocrx_word' id='word_1_67' title='bbox 916 1053 1043 1109; x_wconf 86' lang='lat' dir='ltr'>Sylos</span> <span class='ocrx_word' id='word_1_68' title='bbox 1059 1082 1072 1101; x_wconf 88' lang='lat'>,</span> <span class='ocrx_word' id='word_1_69' title='bbox 1103 1067 1151 1095; x_wconf 88' lang='lat' dir='ltr'>ac</span> <span class='ocrx_word' id='word_1_70' title='bbox 1174 1053 1289 1095; x_wconf 18' lang='lat' dir='ltr'>*alter</span> 
     </span>
     <span class='ocr_line' id='line_1_14' title="bbox 351 1113 1291 1169; baseline 0.001 -14"><span class='ocrx_word' id='word_1_71' title='bbox 351 1113 489 1159; x_wconf 85' lang='lat' dir='ltr'>Caesar</span> <span class='ocrx_word' id='word_1_72' title='bbox 518 1113 570 1154; x_wconf 92' lang='lat' dir='ltr'>de</span> <span class='ocrx_word' id='word_1_73' title='bbox 587 1113 740 1155; x_wconf 86' lang='lat' dir='ltr'>eodem</span> <span class='ocrx_word' id='word_1_74' title='bbox 761 1125 1052 1169; x_wconf 86' lang='lat' dir='ltr'>cognomento</span> <span class='ocrx_word' id='word_1_75' title='bbox 1079 1115 1205 1169; x_wconf 88' lang='lat' dir='ltr'>Sylos</span> <span class='ocrx_word' id='word_1_76' title='bbox 1221 1127 1291 1155; x_wconf 88' lang='lat' dir='ltr'>au-</span> 
     </span>
     <span class='ocr_line' id='line_1_15' title="bbox 349 1173 1288 1217; baseline -0.001 0"><span class='ocrx_word' id='word_1_77' title='bbox 349 1176 591 1217; x_wconf 87' lang='lat' dir='ltr'>thumantes</span> <span class='ocrx_word' id='word_1_78' title='bbox 624 1173 676 1214; x_wconf 90' lang='lat' dir='ltr'>ad</span> <span class='ocrx_word' id='word_1_79' title='bbox 713 1174 1045 1215; x_wconf 88' lang='lat' dir='ltr'>nominationem</span> <span class='ocrx_word' id='word_1_80' title='bbox 1081 1175 1288 1217; x_wconf 70' lang='lat' dir='ltr'>dictorum</span> 
     </span>
     <span class='ocr_line' id='line_1_16' title="bbox 348 1230 1290 1293; baseline 0 -16"><span class='ocrx_word' id='word_1_81' title='bbox 348 1239 471 1277; x_wconf 87' lang='lat' dir='ltr'>trium</span> <span class='ocrx_word' id='word_1_82' title='bbox 490 1232 794 1276; x_wconf 86' lang='lat' dir='ltr'>beneficiorum</span> <span class='ocrx_word' id='word_1_83' title='bbox 813 1230 925 1289; x_wconf 74' lang='lat' dir='ltr'>posse</span> <span class='ocrx_word' id='word_1_84' title='bbox 942 1231 1290 1293; x_wconf 83' lang='lat' dir='ltr'>aspirare‚quem-·</span> 
     </span>
     <span class='ocr_line' id='line_1_17' title="bbox 344 1291 1290 1338; baseline 0 0"><span class='ocrx_word' id='word_1_85' title='bbox 344 1294 574 1338; x_wconf 86' lang='lat' dir='ltr'>admodum</span> <span class='ocrx_word' id='word_1_86' title='bbox 594 1294 646 1336; x_wconf 85' lang='lat' dir='ltr'>ad</span> <span class='ocrx_word' id='word_1_87' title='bbox 663 1293 744 1336; x_wconf 82' lang='lat' dir='ltr'>alia</span> <span class='ocrx_word' id='word_1_88' title='bbox 759 1295 840 1335; x_wconf 81' lang='lat' dir='ltr'>tria</span> <span class='ocrx_word' id='word_1_89' title='bbox 868 1291 942 1337; x_wconf 91' lang='lat' dir='ltr'>sub</span> <span class='ocrx_word' id='word_1_90' title='bbox 957 1295 1088 1337; x_wconf 89' lang='lat' dir='ltr'>titulo</span> <span class='ocrx_word' id='word_1_91' title='bbox 1115 1296 1156 1336; x_wconf 91' lang='lat' dir='ltr'>S.</span> <span class='ocrx_word' id='word_1_92' title='bbox 1178 1296 1290 1338; x_wconf 85' lang='lat' dir='ltr'>Gre-</span> 
     </span>
     <span class='ocr_line' id='line_1_18' title="bbox 345 1352 1287 1414; baseline 0 -16"><span class='ocrx_word' id='word_1_93' title='bbox 345 1358 459 1414; x_wconf 84' lang='lat' dir='ltr'>gorii</span> <span class='ocrx_word' id='word_1_94' title='bbox 495 1356 548 1403; x_wconf 85' lang='lat' dir='ltr'>ab</span> <span class='ocrx_word' id='word_1_95' title='bbox 580 1352 927 1397; x_wconf 85' lang='lat' dir='ltr'>Ascendentibus</span> <span class='ocrx_word' id='word_1_96' title='bbox 958 1356 1140 1399; x_wconf 87' lang='lat' dir='ltr'>Familiae</span> <span class='ocrx_word' id='word_1_97' title='bbox 1158 1357 1287 1413; x_wconf 84' lang='lat' dir='ltr'>Sylos</span> 
     </span>
     <span class='ocr_line' id='line_1_19' title="bbox 340 1413 1288 1472; baseline -0.003 -12"><span class='ocrx_word' id='word_1_98' title='bbox 340 1416 519 1460; x_wconf 81' lang='lat' dir='ltr'>fundata</span> <span class='ocrx_word' id='word_1_99' title='bbox 538 1413 889 1472; x_wconf 76' lang='lat' dir='ltr'>praesentaverant</span> <span class='ocrx_word' id='word_1_100' title='bbox 905 1443 919 1464; x_wconf 88' lang='lat'>,</span> <span class='ocrx_word' id='word_1_101' title='bbox 935 1429 1081 1459; x_wconf 89' lang='lat' dir='ltr'>eorum</span> <span class='ocrx_word' id='word_1_102' title='bbox 1099 1418 1288 1458; x_wconf 81' lang='lat' dir='ltr'>nomina-</span> 
     </span>
    </p>
   </div>
   <div class='ocr_carea' id='block_1_2' title="bbox 344 1474 1336 1533">
    <p class='ocr_par' dir='ltr' id='par_1_2' title="bbox 344 1474 1336 1533">
     <span class='ocr_line' id='line_1_20' title="bbox 344 1474 1336 1533; baseline -0.001 -14"><span class='ocrx_word' id='word_1_103' title='bbox 344 1479 505 1520; x_wconf 89' lang='lat' dir='ltr'>tionem</span> <span class='ocrx_word' id='word_1_104' title='bbox 524 1478 564 1518; x_wconf 91' lang='lat' dir='ltr'>in</span> <span class='ocrx_word' id='word_1_105' title='bbox 581 1474 757 1533; x_wconf 88' lang='lat' dir='ltr'>persona</span> <span class='ocrx_word' id='word_1_106' title='bbox 773 1477 983 1519; x_wconf 86' lang='lat' dir='ltr'>Leonardi</span> <span class='ocrx_word' id='word_1_107' title='bbox 1011 1476 1141 1533; x_wconf 87' lang='lat' dir='ltr'>Sylos</span> <span class='ocrx_word' id='word_1_108' title='bbox 1170 1477 1289 1518; x_wconf 87' lang='lat' dir='ltr'>Laici</span> <span class='ocrx_word' id='word_1_109' title='bbox 1333 1523 1336 1526; x_wconf 55' lang='grc'><strong>,</strong></span> 
     </span>
    </p>
   </div>
   <div class='ocr_carea' id='block_1_3' title="bbox 288 1536 1289 3578">
    <p class='ocr_par' dir='ltr' id='par_1_3' title="bbox 329 1536 1289 2679">
     <span class='ocr_line' id='line_1_21' title="bbox 345 1536 1285 1593; baseline 0.001 -15"><span class='ocrx_word' id='word_1_110' title='bbox 345 1536 420 1580; x_wconf 93' lang='lat' dir='ltr'>sub</span> <span class='ocrx_word' id='word_1_111' title='bbox 434 1537 687 1580; x_wconf 89' lang='lat' dir='ltr'>conditione</span> <span class='ocrx_word' id='word_1_112' title='bbox 701 1537 954 1579; x_wconf 86' lang='lat' dir='ltr'>Clericandi</span> <span class='ocrx_word' id='word_1_113' title='bbox 971 1537 1285 1593; x_wconf 71' lang='lat' dir='ltr'>explerunt‚e&#39;a-</span> 
     </span>
     <span class='ocr_line' id='line_1_22' title="bbox 345 1597 1284 1656; baseline -0.001 -16"><span class='ocrx_word' id='word_1_114' title='bbox 345 1611 430 1656; x_wconf 93' lang='lat' dir='ltr'>que</span> <span class='ocrx_word' id='word_1_115' title='bbox 448 1611 590 1640; x_wconf 90' lang='lat' dir='ltr'>coram</span> <span class='ocrx_word' id='word_1_116' title='bbox 607 1598 781 1640; x_wconf 73' lang='lat' dir='ltr'>Vicat-io</span> <span class='ocrx_word' id='word_1_117' title='bbox 812 1597 1038 1639; x_wconf 89' lang='lat' dir='ltr'>Bituntino</span> <span class='ocrx_word' id='word_1_118' title='bbox 1069 1598 1284 1646; x_wconf 86' lang='lat' dir='ltr'>exhibita,</span> 
     </span>
     <span class='ocr_line' id='line_1_23' title="bbox 341 1655 1286 1715; baseline 0.001 -16"><span class='ocrx_word' id='word_1_119' title='bbox 341 1657 432 1711; x_wconf 84' lang='lat' dir='ltr'>jura</span> <span class='ocrx_word' id='word_1_120' title='bbox 463 1655 679 1715; x_wconf 90' lang='lat' dir='ltr'>utriusque</span> <span class='ocrx_word' id='word_1_121' title='bbox 703 1657 836 1698; x_wconf 84' lang='lat' dir='ltr'>Partis</span> <span class='ocrx_word' id='word_1_122' title='bbox 867 1655 941 1699; x_wconf 89' lang='lat' dir='ltr'>sub</span> <span class='ocrx_word' id='word_1_123' title='bbox 975 1658 1060 1700; x_wconf 87' lang='lat' dir='ltr'>acri</span> <span class='ocrx_word' id='word_1_124' title='bbox 1089 1657 1286 1700; x_wconf 65' lang='lat' dir='ltr'>censura...</span> 
     </span>
     <span class='ocr_line' id='line_1_24' title="bbox 341 1714 1286 1776; baseline 0 -16"><span class='ocrx_word' id='word_1_125' title='bbox 341 1718 561 1776; x_wconf 88' lang='lat' dir='ltr'>postquam</span> <span class='ocrx_word' id='word_1_126' title='bbox 579 1717 749 1759; x_wconf 87' lang='lat' dir='ltr'>fuerunt</span> <span class='ocrx_word' id='word_1_127' title='bbox 779 1714 980 1766; x_wconf 71' lang='lat' dir='ltr'>discursa,</span> <span class='ocrx_word' id='word_1_128' title='bbox 1009 1717 1156 1760; x_wconf 85' lang='lat' dir='ltr'>favore</span> <span class='ocrx_word' id='word_1_129' title='bbox 1188 1719 1286 1760; x_wconf 61' lang='lat' dir='ltr'>dicti</span> 
     </span>
     <span class='ocr_line' id='line_1_25' title="bbox 342 1774 1289 1833; baseline 0.001 -13"><span class='ocrx_word' id='word_1_130' title='bbox 342 1778 541 1820; x_wconf 84' lang='lat' dir='ltr'>Damiani</span> <span class='ocrx_word' id='word_1_131' title='bbox 558 1778 581 1819; x_wconf 79' lang='lat' dir='ltr'>a</span> <span class='ocrx_word' id='word_1_132' title='bbox 608 1774 770 1819; x_wconf 82' lang='lat' dir='ltr'>Caesare</span> <span class='ocrx_word' id='word_1_133' title='bbox 802 1775 1039 1833; x_wconf 79' lang='lat' dir='ltr'>praesentati</span> <span class='ocrx_word' id='word_1_134' title='bbox 1056 1779 1289 1821; x_wconf 85' lang='lat' dir='ltr'>institutio-</span> 
     </span>
     <span class='ocr_line' id='line_1_26' title="bbox 331 1836 1288 1895; baseline 0.002 -15"><span class='ocrx_word' id='word_1_135' title='bbox 331 1839 414 1880; x_wconf 88' lang='lat' dir='ltr'>·nis</span> <span class='ocrx_word' id='word_1_136' title='bbox 433 1837 639 1881; x_wconf 80' lang='lat' dir='ltr'>sententia</span> <span class='ocrx_word' id='word_1_137' title='bbox 671 1837 833 1885; x_wconf 85' lang='lat' dir='ltr'>exivit,</span> <span class='ocrx_word' id='word_1_138' title='bbox 864 1836 1062 1880; x_wconf 69' lang='lat' dir='ltr'>adversus</span> <span class='ocrx_word' id='word_1_139' title='bbox 1090 1852 1214 1895; x_wconf 88' lang='lat' dir='ltr'>quam</span> <span class='ocrx_word' id='word_1_140' title='bbox 1234 1839 1288 1882; x_wconf 90' lang='lat' dir='ltr'>ad</span> 
     </span>
     <span class='ocr_line' id='line_1_27' title="bbox 332 1897 1289 1949; baseline -0.002 -7"><span class='ocrx_word' id='word_1_141' title='bbox 332 1900 690 1942; x_wconf 79' lang='lat' dir='ltr'>&#39;reclamationem</span> <span class='ocrx_word' id='word_1_142' title='bbox 736 1897 948 1939; x_wconf 85' lang='lat' dir='ltr'>Leonardi</span> <span class='ocrx_word' id='word_1_143' title='bbox 991 1898 1289 1949; x_wconf 59' lang='lat' dir='ltr'>rejectionem„</span> 
     </span>
     <span class='ocr_line' id='line_1_28' title="bbox 345 1955 1286 2016; baseline 0.001 -15"><span class='ocrx_word' id='word_1_144' title='bbox 345 1959 459 2016; x_wconf 81' lang='lat' dir='ltr'>paffi,</span> <span class='ocrx_word' id='word_1_145' title='bbox 476 1957 776 2016; x_wconf 83' lang='lat' dir='ltr'>appellationis</span> <span class='ocrx_word' id='word_1_146' title='bbox 793 1955 913 1999; x_wconf 89' lang='lat' dir='ltr'>causa</span> <span class='ocrx_word' id='word_1_147' title='bbox 930 1957 1036 1999; x_wconf 86' lang='lat' dir='ltr'>Mihi</span> <span class='ocrx_word' id='word_1_148' title='bbox 1048 1959 1259 2002; x_wconf 77' lang='lat' dir='ltr'>commissa</span> <span class='ocrx_word' id='word_1_149' title='bbox 1275 1977 1286 2006; x_wconf 82' lang='lat'>3</span> 
     </span>
     <span class='ocr_line' id='line_1_29' title="bbox 344 2020 1289 2078; baseline 0.002 -17"><span class='ocrx_word' id='word_1_150' title='bbox 344 2021 421 2063; x_wconf 87' lang='lat' dir='ltr'>Ast</span> <span class='ocrx_word' id='word_1_151' title='bbox 457 2021 556 2078; x_wconf 87' lang='lat' dir='ltr'>quia</span> <span class='ocrx_word' id='word_1_152' title='bbox 589 2020 820 2060; x_wconf 82' lang='lat' dir='ltr'>Damianus</span> <span class='ocrx_word' id='word_1_153' title='bbox 859 2020 1034 2074; x_wconf 86' lang='lat' dir='ltr'>gratiam</span> <span class='ocrx_word' id='word_1_154' title='bbox 1071 2032 1148 2075; x_wconf 86' lang='lat' dir='ltr'>pro</span> <span class='ocrx_word' id='word_1_155' title='bbox 1181 2022 1289 2063; x_wconf 73' lang='lat' dir='ltr'>l’rae-</span> 
     </span>
     <span class='ocr_line' id='line_1_30' title="bbox 339 2077 1285 2130; baseline 0.002 -9"><span class='ocrx_word' id='word_1_156' title='bbox 339 2077 510 2122; x_wconf 83' lang='lat' dir='ltr'>scutato</span> <span class='ocrx_word' id='word_1_157' title='bbox 527 2082 701 2122; x_wconf 86' lang='lat' dir='ltr'>interim</span> <span class='ocrx_word' id='word_1_158' title='bbox 720 2079 743 2122; x_wconf 82' lang='lat' dir='ltr'>a</span> <span class='ocrx_word' id='word_1_159' title='bbox 755 2078 1009 2122; x_wconf 64' lang='lat' dir='ltr'>Sanetiffimo</span> <span class='ocrx_word' id='word_1_160' title='bbox 1023 2081 1285 2130; x_wconf 83' lang='lat' dir='ltr'>obtinuerat,</span> 
     </span>
     <span class='ocr_line' id='line_1_31' title="bbox 344 2138 1288 2198; baseline 0 -15"><span class='ocrx_word' id='word_1_161' title='bbox 344 2140 578 2198; x_wconf 64' lang='lat' dir='ltr'>litei-:isque</span> <span class='ocrx_word' id='word_1_162' title='bbox 599 2140 866 2196; x_wconf 86' lang='lat' dir='ltr'>Apostolicas</span> <span class='ocrx_word' id='word_1_163' title='bbox 885 2140 992 2181; x_wconf 87' lang='lat' dir='ltr'>Mihi</span> <span class='ocrx_word' id='word_1_164' title='bbox 1013 2138 1168 2194; x_wconf 82' lang='lat' dir='ltr'>pariter</span> <span class='ocrx_word' id='word_1_165' title='bbox 1183 2142 1288 2183; x_wconf 90' lang='lat' dir='ltr'>diri-</span> 
     </span>
     <span class='ocr_line' id='line_1_32' title="bbox 331 2200 1286 2258; baseline 0.001 -15"><span class='ocrx_word' id='word_1_166' title='bbox 331 2215 444 2258; x_wconf 79' lang='lat' dir='ltr'>gere</span> <span class='ocrx_word' id='word_1_167' title='bbox 463 2212 701 2248; x_wconf 86' lang='lat' dir='ltr'>curaverat,</span> <span class='ocrx_word' id='word_1_168' title='bbox 719 2200 892 2241; x_wconf 88' lang='lat' dir='ltr'>dubium</span> <span class='ocrx_word' id='word_1_169' title='bbox 911 2200 1066 2242; x_wconf 71' lang='lat' dir='ltr'>exinde—</span> <span class='ocrx_word' id='word_1_170' title='bbox 1081 2200 1286 2244; x_wconf 87' lang='lat' dir='ltr'>deciden-</span> 
     </span>
     <span class='ocr_line' id='line_1_33' title="bbox 344 2259 1288 2316; baseline 0 -13"><span class='ocrx_word' id='word_1_171' title='bbox 344 2262 444 2303; x_wconf 87' lang='lat' dir='ltr'>dum</span> <span class='ocrx_word' id='word_1_172' title='bbox 463 2263 561 2302; x_wconf 89' lang='lat' dir='ltr'>DD.</span> <span class='ocrx_word' id='word_1_173' title='bbox 579 2263 683 2302; x_wconf 89' lang='lat' dir='ltr'>meis</span> <span class='ocrx_word' id='word_1_174' title='bbox 702 2261 874 2303; x_wconf 87' lang='lat' dir='ltr'>exhibui</span> <span class='ocrx_word' id='word_1_175' title='bbox 905 2286 943 2293; x_wconf 95' lang='lat'>--</span> <span class='ocrx_word' id='word_1_176' title='bbox 973 2266 1033 2302; x_wconf 91' lang='lat' dir='ltr'>An</span> <span class='ocrx_word' id='word_1_177' title='bbox 1047 2259 1171 2301; x_wconf 82' lang='lat' dir='ltr'>literae</span> <span class='ocrx_word' id='word_1_178' title='bbox 1186 2266 1288 2316; x_wconf 85' lang='lat' dir='ltr'>Apo-</span> 
     </span>
     <span class='ocr_line' id='line_1_34' title="bbox 329 2320 1285 2378; baseline 0.001 -16"><span class='ocrx_word' id='word_1_179' title='bbox 329 2322 476 2375; x_wconf 82' lang='lat' dir='ltr'>stolicae</span> <span class='ocrx_word' id='word_1_180' title='bbox 525 2320 716 2362; x_wconf 83' lang='lat' dir='ltr'>Damiani</span> <span class='ocrx_word' id='word_1_181' title='bbox 745 2321 862 2378; x_wconf 72' lang='lat' dir='ltr'>effint</span> <span class='ocrx_word' id='word_1_182' title='bbox 902 2321 1138 2375; x_wconf 66' lang='lat' dir='ltr'>exequenda</span> <span class='ocrx_word' id='word_1_183' title='bbox 1166 2349 1179 2369; x_wconf 91' lang='lat'>,</span> <span class='ocrx_word' id='word_1_184' title='bbox 1208 2323 1285 2374; x_wconf 84' lang='lat' dir='ltr'>seu</span> 
     </span>
     <span class='ocr_line' id='line_1_35' title="bbox 337 2378 1288 2437; baseline 0.004 -16"><span class='ocrx_word' id='word_1_185' title='bbox 337 2381 473 2437; x_wconf 86' lang='lat' dir='ltr'>potius</span> <span class='ocrx_word' id='word_1_186' title='bbox 483 2396 534 2421; x_wconf 88' lang='lat' dir='ltr'>an</span> <span class='ocrx_word' id='word_1_187' title='bbox 547 2409 560 2428; x_wconf 90' lang='lat'>,</span> <span class='ocrx_word' id='word_1_188' title='bbox 576 2380 626 2424; x_wconf 59' lang='grc' dir='ltr'>(θ’</span> <span class='ocrx_word' id='word_1_189' title='bbox 647 2380 709 2421; x_wconf 87' lang='lat' dir='ltr'>cui</span> <span class='ocrx_word' id='word_1_190' title='bbox 713 2383 773 2436; x_wconf 86' lang='lat' dir='ltr'>sit</span> <span class='ocrx_word' id='word_1_191' title='bbox 789 2381 920 2420; x_wconf 86' lang='lat' dir='ltr'>danda</span> <span class='ocrx_word' id='word_1_192' title='bbox 937 2378 1146 2430; x_wconf 79' lang='lat' dir='ltr'>institutio,</span> <span class='ocrx_word' id='word_1_193' title='bbox 1161 2384 1200 2424; x_wconf 90' lang='lat'>&amp;</span> <span class='ocrx_word' id='word_1_194' title='bbox 1221 2397 1288 2424; x_wconf 80' lang='lat' dir='ltr'>ea-</span> 
     </span>
     <span class='ocr_line' id='line_1_36' title="bbox 332 2440 1286 2496; baseline 0.002 -13"><span class='ocrx_word' id='word_1_195' title='bbox 332 2455 434 2484; x_wconf 88' lang='lat' dir='ltr'>-rum</span> <span class='ocrx_word' id='word_1_196' title='bbox 454 2440 606 2493; x_wconf 83' lang='lat' dir='ltr'>justitia</span> <span class='ocrx_word' id='word_1_197' title='bbox 623 2441 736 2481; x_wconf 87' lang='lat' dir='ltr'>clara</span> <span class='ocrx_word' id='word_1_198' title='bbox 749 2441 936 2495; x_wconf 85' lang='lat' dir='ltr'>undique</span> <span class='ocrx_word' id='word_1_199' title='bbox 950 2452 1168 2496; x_wconf 88' lang='lat' dir='ltr'>comperta</span> <span class='ocrx_word' id='word_1_200' title='bbox 1179 2441 1286 2485; x_wconf 86' lang='lat' dir='ltr'>affir-</span> 
     </span>
     <span class='ocr_line' id='line_1_37' title="bbox 343 2498 1288 2558; baseline -0.001 -14"><span class='ocrx_word' id='word_1_201' title='bbox 343 2502 566 2544; x_wconf 87' lang='lat' dir='ltr'>mativum’</span> <span class='ocrx_word' id='word_1_202' title='bbox 587 2502 760 2558; x_wconf 89' lang='lat' dir='ltr'>profluit</span> <span class='ocrx_word' id='word_1_203' title='bbox 802 2498 1041 2556; x_wconf 90' lang='lat' dir='ltr'>responsum</span> <span class='ocrx_word' id='word_1_204' title='bbox 1074 2527 1115 2534; x_wconf 91' lang='lat'>--</span> <span class='ocrx_word' id='word_1_205' title='bbox 1145 2501 1288 2543; x_wconf 83' lang='lat' dir='ltr'>literas</span> 
     </span>
     <span class='ocr_line' id='line_1_38' title="bbox 343 2560 1287 2618; baseline 0.004 -17"><span class='ocrx_word' id='word_1_206' title='bbox 343 2561 580 2617; x_wconf 84' lang='lat' dir='ltr'>Apostolicas</span> <span class='ocrx_word' id='word_1_207' title='bbox 592 2560 755 2602; x_wconf 84' lang='lat' dir='ltr'>Antonii</span> <span class='ocrx_word' id='word_1_208' title='bbox 767 2560 839 2618; x_wconf 70' lang='lat' dir='ltr'><em>ff</em></span> <span class='ocrx_word' id='word_1_209' title='bbox 850 2561 1105 2617; x_wconf 82' lang='lat' dir='ltr'>exequendas</span> <span class='ocrx_word' id='word_1_210' title='bbox 1119 2589 1134 2610; x_wconf 87' lang='lat'>,</span> <span class='ocrx_word' id='word_1_211' title='bbox 1168 2562 1219 2605; x_wconf 58' lang='grc' dir='ltr'><em>ὢ</em></span> <span class='ocrx_word' id='word_1_212' title='bbox 1233 2562 1287 2606; x_wconf 85' lang='lat' dir='ltr'>ei·-</span> 
     </span>
     <span class='ocr_line' id='line_1_39' title="bbox 342 2620 1018 2679; baseline -0.004 -15"><span class='ocrx_word' id='word_1_213' title='bbox 342 2622 428 2664; x_wconf 87' lang='lat' dir='ltr'>dem</span> <span class='ocrx_word' id='word_1_214' title='bbox 443 2621 514 2679; x_wconf 68' lang='lat' dir='ltr'>effe</span> <span class='ocrx_word' id='word_1_215' title='bbox 527 2622 701 2663; x_wconf 82' lang='lat' dir='ltr'>dandam</span> <span class='ocrx_word' id='word_1_216' title='bbox 714 2620 993 2673; x_wconf 81' lang='lat' dir='ltr'>institutionem</span> <span class='ocrx_word' id='word_1_217' title='bbox 1007 2649 1018 2661; x_wconf 89' lang='lat'><em>.</em></span> 
     </span>
    </p>

    <p class='ocr_par' dir='ltr' id='par_1_4' title="bbox 288 2680 1285 3578">
     <span class='ocr_line' id='line_1_40' title="bbox 288 2680 1285 2740; baseline 0.004 -18"><span class='ocrx_word' id='word_1_218' title='bbox 288 2680 347 2735; x_wconf 86' lang='lat'>48</span> <span class='ocrx_word' id='word_1_219' title='bbox 403 2681 658 2738; x_wconf 89' lang='lat' dir='ltr'>Justificatio</span> <span class='ocrx_word' id='word_1_220' title='bbox 686 2681 887 2739; x_wconf 86' lang='lat' dir='ltr'>fiquidem</span> <span class='ocrx_word' id='word_1_221' title='bbox 916 2682 1134 2724; x_wconf 87' lang='lat' dir='ltr'>literatum</span> <span class='ocrx_word' id='word_1_222' title='bbox 1165 2683 1285 2740; x_wconf 87' lang='lat' dir='ltr'>Apo-</span> 
     </span>
     <span class='ocr_line' id='line_1_41' title="bbox 344 2742 1284 2799; baseline 0 -14"><span class='ocrx_word' id='word_1_223' title='bbox 344 2742 583 2785; x_wconf 87' lang='lat' dir='ltr'>stolicarum</span> <span class='ocrx_word' id='word_1_224' title='bbox 598 2744 708 2784; x_wconf 91' lang='lat' dir='ltr'>circa</span> <span class='ocrx_word' id='word_1_225' title='bbox 721 2742 950 2799; x_wconf 86' lang='lat' dir='ltr'>qualitates</span> <span class='ocrx_word' id='word_1_226' title='bbox 982 2744 1175 2784; x_wconf 88' lang='lat' dir='ltr'>Damiani</span> <span class='ocrx_word' id='word_1_227' title='bbox 1205 2758 1284 2786; x_wconf 89' lang='lat' dir='ltr'>no-</span> 
     </span>
     <span class='ocr_line' id='line_1_42' title="bbox 348 2801 1284 2860; baseline 0.002 -16"><span class='ocrx_word' id='word_1_228' title='bbox 348 2803 499 2844; x_wconf 86' lang='lat' dir='ltr'>minati</span> <span class='ocrx_word' id='word_1_229' title='bbox 516 2803 558 2844; x_wconf 90' lang='lat' dir='ltr'>in</span> <span class='ocrx_word' id='word_1_230' title='bbox 584 2801 1098 2845; x_wconf 70' lang='lat' dir='ltr'>controverfiamminime</span> <span class='ocrx_word' id='word_1_231' title='bbox 1115 2803 1284 2860; x_wconf 85' lang='lat' dir='ltr'>redige-</span> 
     </span>
     <span class='ocr_line' id='line_1_43' title="bbox 348 2861 1283 2919; baseline 0.001 -15"><span class='ocrx_word' id='word_1_232' title='bbox 348 2861 492 2912; x_wconf 84' lang='lat' dir='ltr'>batur,</span> <span class='ocrx_word' id='word_1_233' title='bbox 506 2862 632 2905; x_wconf 81' lang='lat' dir='ltr'>sedin</span> <span class='ocrx_word' id='word_1_234' title='bbox 650 2861 703 2905; x_wconf 86' lang='lat' dir='ltr'>eo</span> <span class='ocrx_word' id='word_1_235' title='bbox 721 2862 1013 2918; x_wconf 86' lang='lat' dir='ltr'>principaliter</span> <span class='ocrx_word' id='word_1_236' title='bbox 1030 2863 1200 2919; x_wconf 85' lang='lat' dir='ltr'>quaestio</span> <span class='ocrx_word' id='word_1_237' title='bbox 1215 2878 1283 2905; x_wconf 88' lang='lat' dir='ltr'>re-</span> 
     </span>
     <span class='ocr_line' id='line_1_44' title="bbox 346 2918 1282 2978; baseline 0.003 -15"><span class='ocrx_word' id='word_1_238' title='bbox 346 2918 536 2971; x_wconf 88' lang='lat' dir='ltr'>sederat,</span> <span class='ocrx_word' id='word_1_239' title='bbox 549 2937 599 2964; x_wconf 90' lang='lat' dir='ltr'>an</span> <span class='ocrx_word' id='word_1_240' title='bbox 617 2921 702 2978; x_wconf 88' lang='lat' dir='ltr'>ipse</span> <span class='ocrx_word' id='word_1_241' title='bbox 722 2924 951 2964; x_wconf 81' lang='lat' dir='ltr'>Damianus</span> <span class='ocrx_word' id='word_1_242' title='bbox 970 2922 994 2964; x_wconf 73' lang='lat' dir='ltr'>a</span> <span class='ocrx_word' id='word_1_243' title='bbox 1012 2921 1104 2965; x_wconf 89' lang='lat' dir='ltr'>solo</span> <span class='ocrx_word' id='word_1_244' title='bbox 1121 2922 1282 2966; x_wconf 86' lang='lat' dir='ltr'>Caesare</span> 
     </span>
     <span class='ocr_line' id='line_1_45' title="bbox 346 2983 1284 3038; baseline 0.003 -15"><span class='ocrx_word' id='word_1_245' title='bbox 346 2983 590 3026; x_wconf 86' lang='lat' dir='ltr'>nominatus</span> <span class='ocrx_word' id='word_1_246' title='bbox 609 2983 809 3034; x_wconf 86' lang='lat' dir='ltr'>majorem</span> <span class='ocrx_word' id='word_1_247' title='bbox 832 2993 990 3038; x_wconf 89' lang='lat' dir='ltr'>partem</span> <span class='ocrx_word' id='word_1_248' title='bbox 1026 2997 1178 3025; x_wconf 90' lang='lat' dir='ltr'>vocum</span> <span class='ocrx_word' id='word_1_249' title='bbox 1211 2985 1284 3026; x_wconf 84' lang='lat' dir='ltr'>ha-</span> 
     </span>
     <span class='ocr_line' id='line_1_46' title="bbox 343 3039 1284 3098; baseline 0.004 -15"><span class='ocrx_word' id='word_1_250' title='bbox 343 3041 447 3084; x_wconf 91' lang='lat' dir='ltr'>bere</span> <span class='ocrx_word' id='word_1_251' title='bbox 476 3042 560 3084; x_wconf 92' lang='lat' dir='ltr'>dici</span> <span class='ocrx_word' id='word_1_252' title='bbox 593 3041 725 3098; x_wconf 81' lang='lat' dir='ltr'>poffet</span> <span class='ocrx_word' id='word_1_253' title='bbox 757 3039 986 3097; x_wconf 66' lang='lat' dir='ltr'>respective</span> <span class='ocrx_word' id='word_1_254' title='bbox 1016 3042 1068 3083; x_wconf 89' lang='lat' dir='ltr'>ad</span> <span class='ocrx_word' id='word_1_255' title='bbox 1096 3043 1284 3087; x_wconf 86' lang='lat' dir='ltr'>Leonat-</span> 
     </span>
     <span class='ocr_line' id='line_1_47' title="bbox 345 3099 1282 3158; baseline 0.007 -18"><span class='ocrx_word' id='word_1_256' title='bbox 345 3099 443 3141; x_wconf 88' lang='lat' dir='ltr'>dum</span> <span class='ocrx_word' id='word_1_257' title='bbox 460 3130 473 3149; x_wconf 91' lang='lat'>,</span> <span class='ocrx_word' id='word_1_258' title='bbox 499 3104 572 3158; x_wconf 91' lang='lat' dir='ltr'>qui</span> <span class='ocrx_word' id='word_1_259' title='bbox 589 3105 786 3158; x_wconf 78' lang='lat' dir='ltr'>aJoanne</span> <span class='ocrx_word' id='word_1_260' title='bbox 805 3103 996 3144; x_wconf 83' lang='lat' dir='ltr'>Roberto</span> <span class='ocrx_word' id='word_1_261' title='bbox 1013 3101 1140 3146; x_wconf 82' lang='lat' dir='ltr'>fratre</span> <span class='ocrx_word' id='word_1_262' title='bbox 1158 3132 1170 3152; x_wconf 90' lang='lat'>‚</span> <span class='ocrx_word' id='word_1_263' title='bbox 1190 3105 1282 3147; x_wconf 83' lang='lat' dir='ltr'>Do-</span> 
     </span>
     <span class='ocr_line' id='line_1_48' title="bbox 343 3160 1281 3221; baseline 0.009 -22"><span class='ocrx_word' id='word_1_264' title='bbox 343 3160 501 3202; x_wconf 88' lang='lat' dir='ltr'>minico</span> <span class='ocrx_word' id='word_1_265' title='bbox 518 3163 644 3218; x_wconf 90' lang='lat' dir='ltr'>Sylos</span> <span class='ocrx_word' id='word_1_266' title='bbox 663 3192 676 3211; x_wconf 85' lang='lat'>,</span> <span class='ocrx_word' id='word_1_267' title='bbox 703 3177 750 3205; x_wconf 86' lang='lat' dir='ltr'>ac</span> <span class='ocrx_word' id='word_1_268' title='bbox 769 3163 906 3204; x_wconf 88' lang='lat' dir='ltr'>altero</span> <span class='ocrx_word' id='word_1_269' title='bbox 933 3160 1095 3205; x_wconf 70' lang='lat' dir='ltr'>Caesare</span> <span class='ocrx_word' id='word_1_270' title='bbox 1116 3164 1156 3206; x_wconf 89' lang='lat' dir='ltr'>se</span> <span class='ocrx_word' id='word_1_271' title='bbox 1176 3179 1281 3221; x_wconf 88' lang='lat' dir='ltr'>prae-</span> 
     </span>
     <span class='ocr_line' id='line_1_49' title="bbox 343 3216 1280 3281; baseline 0.009 -23"><span class='ocrx_word' id='word_1_272' title='bbox 343 3216 552 3260; x_wconf 86' lang='lat' dir='ltr'>sentatum</span> <span class='ocrx_word' id='word_1_273' title='bbox 572 3220 852 3271; x_wconf 90' lang='lat' dir='ltr'>docebat,sed</span> <span class='ocrx_word' id='word_1_274' title='bbox 870 3221 982 3264; x_wconf 81' lang='lat' dir='ltr'>facili</span> <span class='ocrx_word' id='word_1_275' title='bbox 1002 3224 1182 3279; x_wconf 84' lang='lat' dir='ltr'>negotio</span> <span class='ocrx_word' id='word_1_276' title='bbox 1203 3241 1280 3281; x_wconf 88' lang='lat' dir='ltr'>pro</span> 
     </span>
     <span class='ocr_line' id='line_1_50' title="bbox 345 3276 1280 3327; baseline 0.013 -11"><span class='ocrx_word' id='word_1_277' title='bbox 345 3276 558 3320; x_wconf 85' lang='lat' dir='ltr'>Damiano</span> <span class='ocrx_word' id='word_1_278' title='bbox 576 3281 599 3321; x_wconf 75' lang='lat' dir='ltr'>a</span> <span class='ocrx_word' id='word_1_279' title='bbox 623 3283 663 3322; x_wconf 93' lang='lat' dir='ltr'>d.</span> <span class='ocrx_word' id='word_1_280' title='bbox 680 3281 842 3324; x_wconf 81' lang='lat' dir='ltr'>Caesare</span> <span class='ocrx_word' id='word_1_281' title='bbox 862 3284 1080 3325; x_wconf 89' lang='lat' dir='ltr'>nominato</span> <span class='ocrx_word' id='word_1_282' title='bbox 1097 3298 1280 3327; x_wconf 89' lang='lat' dir='ltr'>conten-</span> 
     </span>
     <span class='ocr_line' id='line_1_51' title="bbox 346 3336 1278 3391; baseline 0.01 -14"><span class='ocrx_word' id='word_1_283' title='bbox 346 3336 411 3377; x_wconf 87' lang='lat' dir='ltr'>tio</span> <span class='ocrx_word' id='word_1_284' title='bbox 431 3339 629 3391; x_wconf 86' lang='lat' dir='ltr'>expedita</span> <span class='ocrx_word' id='word_1_285' title='bbox 656 3342 880 3383; x_wconf 85' lang='lat' dir='ltr'>videbatur</span> <span class='ocrx_word' id='word_1_286' title='bbox 899 3370 912 3389; x_wconf 83' lang='lat'><strong>‚</strong></span> <span class='ocrx_word' id='word_1_287' title='bbox 947 3345 1207 3387; x_wconf 89' lang='lat' dir='ltr'>recurrendo</span> <span class='ocrx_word' id='word_1_288' title='bbox 1225 3346 1278 3387; x_wconf 90' lang='lat' dir='ltr'>ad</span> 
     </span>
     <span class='ocr_line' id='line_1_52' title="bbox 340 3395 1279 3460; baseline 0.011 -23"><span class='ocrx_word' id='word_1_289' title='bbox 340 3395 533 3437; x_wconf 89' lang='lat' dir='ltr'>ultimum</span> <span class='ocrx_word' id='word_1_290' title='bbox 549 3399 754 3446; x_wconf 80' lang='lat' dir='ltr'>statum,in</span> <span class='ocrx_word' id='word_1_291' title='bbox 767 3416 855 3457; x_wconf 92' lang='lat' dir='ltr'>quo</span> <span class='ocrx_word' id='word_1_292' title='bbox 874 3402 1008 3443; x_wconf 59' lang='lat' dir='ltr'>dietus</span> <span class='ocrx_word' id='word_1_293' title='bbox 1025 3401 1163 3446; x_wconf 82' lang='lat' dir='ltr'>Caesar</span> <span class='ocrx_word' id='word_1_294' title='bbox 1178 3419 1279 3460; x_wconf 87' lang='lat' dir='ltr'>prae-</span> 
     </span>
     <span class='ocr_line' id='line_1_53' title="bbox 339 3455 1278 3516; baseline 0.01 -18"><span class='ocrx_word' id='word_1_295' title='bbox 339 3455 410 3498; x_wconf 87' lang='lat' dir='ltr'>via</span> <span class='ocrx_word' id='word_1_296' title='bbox 426 3460 746 3500; x_wconf 89' lang='lat' dir='ltr'>manutentione</span> <span class='ocrx_word' id='word_1_297' title='bbox 767 3462 807 3501; x_wconf 91' lang='lat' dir='ltr'>in</span> <span class='ocrx_word' id='word_1_298' title='bbox 821 3461 907 3509; x_wconf 87' lang='lat' dir='ltr'>jure</span> <span class='ocrx_word' id='word_1_299' title='bbox 925 3460 1278 3516; x_wconf 85' lang='lat' dir='ltr'>praesentandire-</span> 
     </span>
     <span class='ocr_line' id='line_1_54' title="bbox 339 3516 1279 3578; baseline 0.011 -20"><span class='ocrx_word' id='word_1_300' title='bbox 339 3527 509 3572; x_wconf 86' lang='lat' dir='ltr'>portata</span> <span class='ocrx_word' id='word_1_301' title='bbox 524 3516 578 3560; x_wconf 85' lang='lat' dir='ltr'>ad</span> <span class='ocrx_word' id='word_1_302' title='bbox 599 3518 686 3563; x_wconf 89' lang='lat' dir='ltr'>haec</span> <span class='ocrx_word' id='word_1_303' title='bbox 705 3520 785 3563; x_wconf 84' lang='lat' dir='ltr'>tria</span> <span class='ocrx_word' id='word_1_304' title='bbox 799 3520 1011 3566; x_wconf 81' lang='lat' dir='ltr'>Beneficia</span> <span class='ocrx_word' id='word_1_305' title='bbox 1026 3524 1176 3568; x_wconf 83' lang='lat' dir='ltr'>unicus</span> <span class='ocrx_word' id='word_1_306' title='bbox 1199 3526 1279 3578; x_wconf 50' lang='lat' dir='ltr'>Pa,</span> 
     </span>
    </p>
   </div>
   <div class='ocr_carea' id='block_1_4' title="bbox 751 209 1965 299">
    <p class='ocr_par' dir='ltr' id='par_1_5' title="bbox 751 209 1965 299">
     <span class='ocr_line' id='line_1_55' title="bbox 751 209 1965 299; baseline -0.001 -21"><span class='ocrx_word' id='word_1_307' title='bbox 751 212 1240 278; x_wconf 81' lang='lat' dir='ltr'>Commentaria</span> <span class='ocrx_word' id='word_1_308' title='bbox 1261 211 1343 277; x_wconf 87' lang='lat' dir='ltr'>ad</span> <span class='ocrx_word' id='word_1_309' title='bbox 1358 209 1641 299; x_wconf 91' lang='lat' dir='ltr'>fingulos</span> <span class='ocrx_word' id='word_1_310' title='bbox 1663 215 1965 277; x_wconf 86' lang='lat' dir='ltr'>Canones</span> 
     </span>
    </p>
   </div>
   <div class='ocr_carea' id='block_1_5' title="bbox 1345 324 2347 3630">
    <p class='ocr_par' dir='ltr' id='par_1_6' title="bbox 1401 324 2347 1590">
     <span class='ocr_line' id='line_1_56' title="bbox 1405 324 2343 384; baseline 0.002 -15"><span class='ocrx_word' id='word_1_311' title='bbox 1405 339 1555 370; x_wconf 91' lang='lat' dir='ltr'>tronus</span> <span class='ocrx_word' id='word_1_312' title='bbox 1574 328 1812 371; x_wconf 89' lang='lat' dir='ltr'>declaratus</span> <span class='ocrx_word' id='word_1_313' title='bbox 1832 328 1972 371; x_wconf 67' lang='lat' dir='ltr'>libere</span> <span class='ocrx_word' id='word_1_314' title='bbox 1987 324 2248 384; x_wconf 87' lang='lat' dir='ltr'>praesentavit</span> <span class='ocrx_word' id='word_1_315' title='bbox 2268 326 2343 374; x_wconf 89' lang='lat' dir='ltr'>;1n</span> 
     </span>
     <span class='ocr_line' id='line_1_57' title="bbox 1405 387 2347 445; baseline 0.001 -16"><span class='ocrx_word' id='word_1_316' title='bbox 1405 387 1484 429; x_wconf 87' lang='lat' dir='ltr'>hac</span> <span class='ocrx_word' id='word_1_317' title='bbox 1502 390 1650 445; x_wconf 87' lang='lat' dir='ltr'>itaque</span> <span class='ocrx_word' id='word_1_318' title='bbox 1669 402 1779 432; x_wconf 89' lang='lat' dir='ltr'>nova</span> <span class='ocrx_word' id='word_1_319' title='bbox 1794 388 2102 431; x_wconf 85' lang='lat' dir='ltr'>Beneficiorum</span> <span class='ocrx_word' id='word_1_320' title='bbox 2121 388 2347 430; x_wconf 82' lang='lat' dir='ltr'>vacatione</span> 
     </span>
     <span class='ocr_line' id='line_1_58' title="bbox 1403 445 2343 503; baseline 0.002 -15"><span class='ocrx_word' id='word_1_321' title='bbox 1403 461 1499 489; x_wconf 90' lang='lat' dir='ltr'>cum</span> <span class='ocrx_word' id='word_1_322' title='bbox 1533 446 1619 503; x_wconf 91' lang='lat' dir='ltr'>ipse</span> <span class='ocrx_word' id='word_1_323' title='bbox 1649 451 1877 492; x_wconf 83' lang='lat' dir='ltr'>Damianus</span> <span class='ocrx_word' id='word_1_324' title='bbox 1896 450 1949 491; x_wconf 84' lang='lat' dir='ltr'>ab</span> <span class='ocrx_word' id='word_1_325' title='bbox 1975 449 2127 492; x_wconf 88' lang='lat' dir='ltr'>eodem</span> <span class='ocrx_word' id='word_1_326' title='bbox 2156 445 2343 492; x_wconf 67' lang='lat' dir='ltr'>Caesarv</span> 
     </span>
     <span class='ocr_line' id='line_1_59' title="bbox 1401 510 2344 565; baseline 0.001 -15"><span class='ocrx_word' id='word_1_327' title='bbox 1401 522 1481 565; x_wconf 87' lang='lat' dir='ltr'>pro</span> <span class='ocrx_word' id='word_1_328' title='bbox 1501 510 1628 551; x_wconf 89' lang='lat' dir='ltr'>unico</span> <span class='ocrx_word' id='word_1_329' title='bbox 1649 510 1833 553; x_wconf 86' lang='lat' dir='ltr'>Patrono</span> <span class='ocrx_word' id='word_1_330' title='bbox 1863 512 1905 553; x_wconf 92' lang='lat' dir='ltr'>in</span> <span class='ocrx_word' id='word_1_331' title='bbox 1935 511 2086 553; x_wconf 90' lang='lat' dir='ltr'>ultimo</span> <span class='ocrx_word' id='word_1_332' title='bbox 2102 510 2204 551; x_wconf 90' lang='lat' dir='ltr'>statu</span> <span class='ocrx_word' id='word_1_333' title='bbox 2217 523 2344 551; x_wconf 88' lang='lat' dir='ltr'>reco-</span> 
     </span>
     <span class='ocr_line' id='line_1_60' title="bbox 1406 568 2345 626; baseline 0.001 -15"><span class='ocrx_word' id='word_1_334' title='bbox 1406 570 1548 624; x_wconf 84' lang='lat' dir='ltr'>gnito,</span> <span class='ocrx_word' id='word_1_335' title='bbox 1567 573 1608 612; x_wconf 93' lang='lat'>&amp;</span> <span class='ocrx_word' id='word_1_336' title='bbox 1625 572 1861 626; x_wconf 81' lang='lat' dir='ltr'>approbato</span> <span class='ocrx_word' id='word_1_337' title='bbox 1882 568 1991 613; x_wconf 86' lang='lat' dir='ltr'>suam</span> <span class='ocrx_word' id='word_1_338' title='bbox 2006 571 2345 613; x_wconf 85' lang='lat' dir='ltr'>nominationem</span> 
     </span>
     <span class='ocr_line' id='line_1_61' title="bbox 1404 627 2344 688; baseline 0.002 -18"><span class='ocrx_word' id='word_1_339' title='bbox 1404 627 1607 671; x_wconf 85' lang='lat' dir='ltr'>sortiatur</span> <span class='ocrx_word' id='word_1_340' title='bbox 1627 658 1640 678; x_wconf 96' lang='lat'>,</span> <span class='ocrx_word' id='word_1_341' title='bbox 1659 631 1748 681; x_wconf 88' lang='lat' dir='ltr'>ejus</span> <span class='ocrx_word' id='word_1_342' title='bbox 1765 630 2029 688; x_wconf 71' lang='lat' dir='ltr'>praesentatio</span> <span class='ocrx_word' id='word_1_343' title='bbox 2045 629 2235 688; x_wconf 67' lang='lat' dir='ltr'>profesto</span> <span class='ocrx_word' id='word_1_344' title='bbox 2251 630 2344 672; x_wconf 86' lang='lat' dir='ltr'>cui·-</span> 
     </span>
     <span class='ocr_line' id='line_1_62' title="bbox 1406 690 2345 748; baseline 0.002 -18"><span class='ocrx_word' id='word_1_345' title='bbox 1406 703 1589 748; x_wconf 90' lang='lat' dir='ltr'>cumque</span> <span class='ocrx_word' id='word_1_346' title='bbox 1604 691 1727 733; x_wconf 87' lang='lat' dir='ltr'>alteri</span> <span class='ocrx_word' id='word_1_347' title='bbox 1745 694 1862 733; x_wconf 89' lang='lat' dir='ltr'>venit</span> <span class='ocrx_word' id='word_1_348' title='bbox 1880 690 2247 748; x_wconf 86' lang='lat' dir='ltr'>praeferenda,quae</span> <span class='ocrx_word' id='word_1_349' title='bbox 2264 691 2345 732; x_wconf 86' lang='lat' dir='ltr'>hac</span> 
     </span>
     <span class='ocr_line' id='line_1_63' title="bbox 1409 749 2344 806; baseline 0.001 -15"><span class='ocrx_word' id='word_1_350' title='bbox 1409 749 1625 792; x_wconf 83' lang='lat' dir='ltr'>affistentia</span> <span class='ocrx_word' id='word_1_351' title='bbox 1641 752 1776 794; x_wconf 88' lang='lat' dir='ltr'>ultimi</span> <span class='ocrx_word' id='word_1_352' title='bbox 1796 755 1922 797; x_wconf 85' lang='lat' dir='ltr'>status</span> <span class='ocrx_word' id='word_1_353' title='bbox 1940 753 2099 794; x_wconf 89' lang='lat' dir='ltr'>munita</span> <span class='ocrx_word' id='word_1_354' title='bbox 2119 764 2203 793; x_wconf 89' lang='lat' dir='ltr'>non</span> <span class='ocrx_word' id='word_1_355' title='bbox 2221 765 2344 806; x_wconf 89' lang='lat' dir='ltr'>repe-</span> 
     </span>
     <span class='ocr_line' id='line_1_64' title="bbox 1406 809 2344 865; baseline 0.004 -15"><span class='ocrx_word' id='word_1_356' title='bbox 1406 809 1538 859; x_wconf 91' lang='lat' dir='ltr'>ritur,</span> <span class='ocrx_word' id='word_1_357' title='bbox 1566 811 1664 853; x_wconf 91' lang='lat' dir='ltr'>dum</span> <span class='ocrx_word' id='word_1_358' title='bbox 1680 827 1831 854; x_wconf 92' lang='lat' dir='ltr'>vocum</span> <span class='ocrx_word' id='word_1_359' title='bbox 1852 813 2066 865; x_wconf 85' lang='lat' dir='ltr'>majoritas</span> <span class='ocrx_word' id='word_1_360' title='bbox 2081 809 2241 854; x_wconf 85' lang='lat' dir='ltr'>desumi</span> <span class='ocrx_word' id='word_1_361' title='bbox 2257 822 2344 854; x_wconf 81' lang='lat' dir='ltr'>non</span> 
     </span>
     <span class='ocr_line' id='line_1_65' title="bbox 1407 869 2345 931; baseline 0.001 -20"><span class='ocrx_word' id='word_1_362' title='bbox 1407 869 1534 913; x_wconf 83' lang='lat' dir='ltr'>aliter</span> <span class='ocrx_word' id='word_1_363' title='bbox 1561 871 1676 913; x_wconf 88' lang='lat' dir='ltr'>valet</span> <span class='ocrx_word' id='word_1_364' title='bbox 1689 901 1703 921; x_wconf 90' lang='lat'>,</span> <span class='ocrx_word' id='word_1_365' title='bbox 1738 873 1865 931; x_wconf 75' lang='lat' dir='ltr'>quam</span> <span class='ocrx_word' id='word_1_366' title='bbox 1895 874 2043 915; x_wconf 89' lang='lat' dir='ltr'>habito</span> <span class='ocrx_word' id='word_1_367' title='bbox 2073 870 2261 928; x_wconf 62' lang='lat' dir='ltr'>respectu</span> <span class='ocrx_word' id='word_1_368' title='bbox 2288 870 2345 912; x_wconf 89' lang='lat' dir='ltr'>ad</span> 
     </span>
     <span class='ocr_line' id='line_1_66' title="bbox 1406 928 2346 992; baseline 0.003 -21"><span class='ocrx_word' id='word_1_369' title='bbox 1406 928 1752 986; x_wconf 78' lang='lat' dir='ltr'>praesentationes</span> <span class='ocrx_word' id='word_1_370' title='bbox 1768 935 2031 992; x_wconf 84' lang='lat' dir='ltr'>illorum,qui</span> <span class='ocrx_word' id='word_1_371' title='bbox 2044 934 2085 973; x_wconf 88' lang='lat' dir='ltr'>in</span> <span class='ocrx_word' id='word_1_372' title='bbox 2101 933 2250 974; x_wconf 89' lang='lat' dir='ltr'>ultimo</span> <span class='ocrx_word' id='word_1_373' title='bbox 2266 931 2346 974; x_wconf 83' lang='lat' dir='ltr'>sta-</span> 
     </span>
     <span class='ocr_line' id='line_1_67' title="bbox 1409 990 2345 1051; baseline 0.003 -19"><span class='ocrx_word' id='word_1_374' title='bbox 1409 1002 1456 1033; x_wconf 92' lang='lat' dir='ltr'>tu</span> <span class='ocrx_word' id='word_1_375' title='bbox 1468 990 1767 1046; x_wconf 86' lang='lat' dir='ltr'>praesentatunt</span> <span class='ocrx_word' id='word_1_376' title='bbox 1781 1024 1794 1044; x_wconf 87' lang='lat'>,</span> <span class='ocrx_word' id='word_1_377' title='bbox 1812 1008 1855 1037; x_wconf 90' lang='lat' dir='ltr'>ut</span> <span class='ocrx_word' id='word_1_378' title='bbox 1873 1010 1947 1051; x_wconf 88' lang='lat' dir='ltr'>per</span> <span class='ocrx_word' id='word_1_379' title='bbox 1960 1006 2109 1037; x_wconf 91' lang='lat' dir='ltr'>notum</span> <span class='ocrx_word' id='word_1_380' title='bbox 2121 992 2244 1035; x_wconf 83' lang='lat' dir='ltr'>Text.</span> <span class='ocrx_word' id='word_1_381' title='bbox 2258 992 2345 1035; x_wconf 74' lang='lat' dir='ltr'>in..-</span> 
     </span>
     <span class='ocr_line' id='line_1_68' title="bbox 1408 1052 2345 1109; baseline 0.004 -17"><span class='ocrx_word' id='word_1_382' title='bbox 1408 1063 1494 1105; x_wconf 87' lang='lat' dir='ltr'>cap.</span> <span class='ocrx_word' id='word_1_383' title='bbox 1513 1054 1857 1105; x_wconf 79' lang='lat' dir='ltr'>consultationibus</span> <span class='ocrx_word' id='word_1_384' title='bbox 1884 1057 1931 1097; x_wconf 88' lang='lat' dir='ltr'>de</span> <span class='ocrx_word' id='word_1_385' title='bbox 1953 1056 2153 1109; x_wconf 80' lang='lat' dir='ltr'>jurepatr.</span> <span class='ocrx_word' id='word_1_386' title='bbox 2182 1056 2287 1094; x_wconf 85' lang='lat' dir='ltr'>Rota</span> <span class='ocrx_word' id='word_1_387' title='bbox 2301 1052 2345 1094; x_wconf 80' lang='lat' dir='ltr'>in</span> 
     </span>
     <span class='ocr_line' id='line_1_69' title="bbox 1406 1111 2343 1174; baseline 0.001 -21"><span class='ocrx_word' id='word_1_388' title='bbox 1406 1111 1664 1155; x_wconf 62' lang='lat' dir='ltr'>Melavitana</span> <span class='ocrx_word' id='word_1_389' title='bbox 1681 1116 1957 1171; x_wconf 82' lang='lat' dir='ltr'>Beneficiorum</span> <span class='ocrx_word' id='word_1_390' title='bbox 1977 1129 2043 1155; x_wconf 89' lang='lat'>10.</span> <span class='ocrx_word' id='word_1_391' title='bbox 2073 1113 2196 1174; x_wconf 66' lang='grc' dir='ltr'>ί’71411ἱί</span> <span class='ocrx_word' id='word_1_392' title='bbox 2213 1126 2263 1165; x_wconf 90' lang='lat'>17</span> <span class='ocrx_word' id='word_1_393' title='bbox 2276 1125 2290 1152; x_wconf 88' lang='lat'><em>1</em></span> <span class='ocrx_word' id='word_1_394' title='bbox 2302 1125 2343 1154; x_wconf 80' lang='lat'>2.</span> 
     </span>
     <span class='ocr_line' id='line_1_70' title="bbox 1409 1173 2342 1227; baseline 0.002 -15"><span class='ocrx_word' id='word_1_395' title='bbox 1409 1176 1450 1219; x_wconf 76' lang='lat' dir='ltr'>S.</span> <span class='ocrx_word' id='word_1_396' title='bbox 1474 1184 1509 1212; x_wconf 82' lang='lat'>1·</span> <span class='ocrx_word' id='word_1_397' title='bbox 1525 1188 1660 1215; x_wconf 87' lang='lat' dir='ltr'>coram</span> <span class='ocrx_word' id='word_1_398' title='bbox 1675 1177 1827 1218; x_wconf 86' lang='lat' dir='ltr'><em>R.P.D.</em></span> <span class='ocrx_word' id='word_1_399' title='bbox 1845 1177 2100 1218; x_wconf 70' lang='lat' dir='ltr'>Alth-ovando</span> <span class='ocrx_word' id='word_1_400' title='bbox 2117 1203 2130 1224; x_wconf 87' lang='lat'>,</span> <span class='ocrx_word' id='word_1_401' title='bbox 2157 1173 2342 1227; x_wconf 55' lang='lat' dir='ltr'>Pisana...-</span> 
     </span>
     <span class='ocr_line' id='line_1_71' title="bbox 1403 1231 2344 1290; baseline 0.002 -17"><span class='ocrx_word' id='word_1_402' title='bbox 1403 1231 1624 1275; x_wconf 16' lang='lat' dir='ltr'>prioratus.</span> <span class='ocrx_word' id='word_1_403' title='bbox 1642 1248 1658 1274; x_wconf 89' lang='lat'><em>1</em></span> <span class='ocrx_word' id='word_1_404' title='bbox 1673 1248 1708 1275; x_wconf 92' lang='lat'>1.</span> <span class='ocrx_word' id='word_1_405' title='bbox 1740 1236 1889 1290; x_wconf 84' lang='lat' dir='ltr'>Aprilis</span> <span class='ocrx_word' id='word_1_406' title='bbox 1926 1250 2051 1288; x_wconf 87' lang='lat'><em>1712.</em></span> <span class='ocrx_word' id='word_1_407' title='bbox 2076 1240 2114 1283; x_wconf 90' lang='lat'>§.</span> <span class='ocrx_word' id='word_1_408' title='bbox 2132 1236 2262 1289; x_wconf 84' lang='lat' dir='ltr'>Atque</span> <span class='ocrx_word' id='word_1_409' title='bbox 2277 1232 2344 1275; x_wconf 85' lang='lat' dir='ltr'>id-</span> 
     </span>
     <span class='ocr_line' id='line_1_72' title="bbox 1404 1290 2343 1349; baseline 0.002 -17"><span class='ocrx_word' id='word_1_410' title='bbox 1404 1290 1526 1345; x_wconf 73' lang='lat' dir='ltr'>ipsum</span> <span class='ocrx_word' id='word_1_411' title='bbox 1542 1309 1673 1336; x_wconf 82' lang='lat' dir='ltr'>coram</span> <span class='ocrx_word' id='word_1_412' title='bbox 1697 1300 1745 1338; x_wconf 88' lang='lat' dir='ltr'>R.</span> <span class='ocrx_word' id='word_1_413' title='bbox 1763 1302 1805 1338; x_wconf 87' lang='lat' dir='ltr'>P.</span> <span class='ocrx_word' id='word_1_414' title='bbox 1820 1301 1872 1338; x_wconf 91' lang='lat' dir='ltr'>D.</span> <span class='ocrx_word' id='word_1_415' title='bbox 1888 1311 1970 1338; x_wconf 88' lang='lat' dir='ltr'>meo</span> <span class='ocrx_word' id='word_1_416' title='bbox 1996 1296 2158 1349; x_wconf 72' lang='lat' dir='ltr'>Anstzldo</span> <span class='ocrx_word' id='word_1_417' title='bbox 2175 1323 2189 1344; x_wconf 90' lang='lat'>,</span> <span class='ocrx_word' id='word_1_418' title='bbox 2216 1299 2343 1337; x_wconf 90' lang='lat' dir='ltr'>Bono-</span> 
     </span>
     <span class='ocr_line' id='line_1_73' title="bbox 1405 1352 2343 1413; baseline 0.004 -21"><span class='ocrx_word' id='word_1_419' title='bbox 1405 1352 1511 1395; x_wconf 84' lang='lat' dir='ltr'>nien.</span> <span class='ocrx_word' id='word_1_420' title='bbox 1547 1356 1826 1413; x_wconf 81' lang='lat' dir='ltr'>Beneficiorum</span> <span class='ocrx_word' id='word_1_421' title='bbox 1850 1359 1898 1398; x_wconf 90' lang='lat' dir='ltr'>de</span> <span class='ocrx_word' id='word_1_422' title='bbox 1915 1356 2073 1409; x_wconf 79' lang='lat' dir='ltr'>Castello</span> <span class='ocrx_word' id='word_1_423' title='bbox 2097 1370 2162 1397; x_wconf 90' lang='lat'>12.</span> <span class='ocrx_word' id='word_1_424' title='bbox 2183 1359 2343 1397; x_wconf 84' lang='lat' dir='ltr'>Decem·-</span> 
     </span>
     <span class='ocr_line' id='line_1_74' title="bbox 1404 1412 2343 1468; baseline 0.006 -15"><span class='ocrx_word' id='word_1_425' title='bbox 1404 1412 1489 1454; x_wconf 83' lang='lat' dir='ltr'>bris</span> <span class='ocrx_word' id='word_1_426' title='bbox 1524 1427 1574 1465; x_wconf 92' lang='lat'>17</span> <span class='ocrx_word' id='word_1_427' title='bbox 1586 1429 1601 1455; x_wconf 93' lang='lat'><em>1</em></span> <span class='ocrx_word' id='word_1_428' title='bbox 1613 1430 1651 1458; x_wconf 91' lang='lat'>2.</span> <span class='ocrx_word' id='word_1_429' title='bbox 1682 1421 1720 1464; x_wconf 90' lang='lat'>§.</span> <span class='ocrx_word' id='word_1_430' title='bbox 1736 1416 1932 1468; x_wconf 84' lang='lat' dir='ltr'>Institutio</span> <span class='ocrx_word' id='word_1_431' title='bbox 1956 1432 2089 1459; x_wconf 83' lang='lat' dir='ltr'>coram</span> <span class='ocrx_word' id='word_1_432' title='bbox 2106 1420 2175 1458; x_wconf 91' lang='lat' dir='ltr'>Me</span> <span class='ocrx_word' id='word_1_433' title='bbox 2191 1444 2205 1465; x_wconf 93' lang='lat'>,</span> <span class='ocrx_word' id='word_1_434' title='bbox 2232 1413 2282 1458; x_wconf 64' lang='grc' dir='ltr'>(θ’</span> <span class='ocrx_word' id='word_1_435' title='bbox 2299 1413 2343 1456; x_wconf 73' lang='lat' dir='ltr'>in</span> 
     </span>
     <span class='ocr_line' id='line_1_75' title="bbox 1404 1474 2342 1536; baseline 0.001 -20"><span class='ocrx_word' id='word_1_436' title='bbox 1404 1474 1673 1518; x_wconf 79' lang='lat' dir='ltr'>Mediolanen.</span> <span class='ocrx_word' id='word_1_437' title='bbox 1702 1478 1886 1532; x_wconf 71' lang='lat' dir='ltr'>Beneficii</span> <span class='ocrx_word' id='word_1_438' title='bbox 1903 1492 1941 1528; x_wconf 87' lang='lat'>7.</span> <span class='ocrx_word' id='word_1_439' title='bbox 1974 1477 2097 1536; x_wconf 64' lang='lat' dir='ltr'>Junii</span> <span class='ocrx_word' id='word_1_440' title='bbox 2117 1489 2244 1527; x_wconf 86' lang='lat'><em>1715.</em></span> <span class='ocrx_word' id='word_1_441' title='bbox 2263 1474 2342 1529; x_wconf 74' lang='lat' dir='ltr'>sub</span> 
     </span>
     <span class='ocr_line' id='line_1_76' title="bbox 1407 1535 2163 1590; baseline 0.003 -14"><span class='ocrx_word' id='word_1_442' title='bbox 1407 1538 1447 1581; x_wconf 76' lang='lat'>§-</span> <span class='ocrx_word' id='word_1_443' title='bbox 1463 1535 1623 1577; x_wconf 86' lang='lat' dir='ltr'>Militat</span> <span class='ocrx_word' id='word_1_444' title='bbox 1637 1537 1737 1579; x_wconf 84' lang='lat' dir='ltr'>enim</span> <span class='ocrx_word' id='word_1_445' title='bbox 1750 1538 1910 1590; x_wconf 87' lang='lat' dir='ltr'>pariter</span> <span class='ocrx_word' id='word_1_446' title='bbox 1920 1552 2048 1578; x_wconf 85' lang='lat' dir='ltr'>coram</span> <span class='ocrx_word' id='word_1_447' title='bbox 2066 1541 2136 1579; x_wconf 91' lang='lat' dir='ltr'>Me</span> <span class='ocrx_word' id='word_1_448' title='bbox 2151 1567 2163 1578; x_wconf 97' lang='lat'><em>.</em></span> 
     </span>
    </p>

    <p class='ocr_par' dir='ltr' id='par_1_7' title="bbox 1345 1595 2346 3570">
     <span class='ocr_line' id='line_1_77' title="bbox 1345 1595 2342 1655; baseline 0.002 -19"><span class='ocrx_word' id='word_1_449' title='bbox 1345 1603 1402 1643; x_wconf 88' lang='lat'>49</span> <span class='ocrx_word' id='word_1_450' title='bbox 1466 1597 1632 1638; x_wconf 89' lang='lat' dir='ltr'>Fortius</span> <span class='ocrx_word' id='word_1_451' title='bbox 1650 1599 1748 1655; x_wconf 86' lang='lat' dir='ltr'>quia</span> <span class='ocrx_word' id='word_1_452' title='bbox 1766 1598 1836 1639; x_wconf 85' lang='lat' dir='ltr'>hic</span> <span class='ocrx_word' id='word_1_453' title='bbox 1856 1599 2026 1640; x_wconf 87' lang='lat' dir='ltr'>ultimus</span> <span class='ocrx_word' id='word_1_454' title='bbox 2048 1599 2172 1639; x_wconf 84' lang='lat' dir='ltr'>status</span> <span class='ocrx_word' id='word_1_455' title='bbox 2188 1610 2262 1653; x_wconf 89' lang='lat' dir='ltr'>per</span> <span class='ocrx_word' id='word_1_456' title='bbox 2276 1595 2342 1648; x_wconf 77' lang='lat' dir='ltr'>iu-</span> 
     </span>
     <span class='ocr_line' id='line_1_78' title="bbox 1405 1654 2341 1709; baseline 0.003 -14"><span class='ocrx_word' id='word_1_457' title='bbox 1405 1654 1601 1709; x_wconf 84' lang='lat' dir='ltr'>dicialem</span> <span class='ocrx_word' id='word_1_458' title='bbox 1618 1661 1938 1701; x_wconf 87' lang='lat' dir='ltr'>contentionem</span> <span class='ocrx_word' id='word_1_459' title='bbox 1967 1658 2094 1700; x_wconf 80' lang='lat' dir='ltr'>evasit</span> <span class='ocrx_word' id='word_1_460' title='bbox 2108 1657 2314 1700; x_wconf 84' lang='lat' dir='ltr'>stabilitus</span> <span class='ocrx_word' id='word_1_461' title='bbox 2326 1683 2341 1706; x_wconf 88' lang='lat'>‚</span> 
     </span>
     <span class='ocr_line' id='line_1_79' title="bbox 1407 1716 2346 1774; baseline 0.002 -18"><span class='ocrx_word' id='word_1_462' title='bbox 1407 1728 1455 1757; x_wconf 88' lang='lat' dir='ltr'>ac</span> <span class='ocrx_word' id='word_1_463' title='bbox 1472 1716 1621 1758; x_wconf 89' lang='lat' dir='ltr'>itidem</span> <span class='ocrx_word' id='word_1_464' title='bbox 1651 1719 1878 1760; x_wconf 87' lang='lat' dir='ltr'>roboratus</span> <span class='ocrx_word' id='word_1_465' title='bbox 1899 1733 1972 1774; x_wconf 91' lang='lat' dir='ltr'>per</span> <span class='ocrx_word' id='word_1_466' title='bbox 2001 1733 2087 1761; x_wconf 90' lang='lat' dir='ltr'>rem</span> <span class='ocrx_word' id='word_1_467' title='bbox 2117 1718 2346 1769; x_wconf 85' lang='lat' dir='ltr'>judicatam</span> 
     </span>
     <span class='ocr_line' id='line_1_80' title="bbox 1400 1775 2342 1822; baseline 0 -4"><span class='ocrx_word' id='word_1_468' title='bbox 1400 1776 1568 1819; x_wconf 74' lang='lat' dir='ltr'>—editam</span> <span class='ocrx_word' id='word_1_469' title='bbox 1596 1775 1746 1820; x_wconf 88' lang='lat' dir='ltr'>favore</span> <span class='ocrx_word' id='word_1_470' title='bbox 1775 1778 1875 1820; x_wconf 67' lang='lat' dir='ltr'>dieti</span> <span class='ocrx_word' id='word_1_471' title='bbox 1900 1777 2073 1822; x_wconf 76' lang='lat' dir='ltr'>Caesar‘is</span> <span class='ocrx_word' id='word_1_472' title='bbox 2093 1775 2342 1821; x_wconf 81' lang='lat' dir='ltr'>Patronisu-</span> 
     </span>
     <span class='ocr_line' id='line_1_81' title="bbox 1406 1837 2342 1894; baseline 0.001 -17"><span class='ocrx_word' id='word_1_473' title='bbox 1406 1850 1482 1892; x_wconf 90' lang='lat' dir='ltr'>per</span> <span class='ocrx_word' id='word_1_474' title='bbox 1501 1839 1824 1881; x_wconf 84' lang='lat' dir='ltr'>manutentione</span> <span class='ocrx_word' id='word_1_475' title='bbox 1851 1840 1892 1881; x_wconf 91' lang='lat' dir='ltr'>in</span> <span class='ocrx_word' id='word_1_476' title='bbox 1911 1838 2152 1894; x_wconf 67' lang='lat' dir='ltr'>possessione</span> <span class='ocrx_word' id='word_1_477' title='bbox 2169 1837 2342 1894; x_wconf 88' lang='lat' dir='ltr'>privati-</span> 
     </span>
     <span class='ocr_line' id='line_1_82' title="bbox 1403 1895 2341 1957; baseline 0.002 -19"><span class='ocrx_word' id='word_1_478' title='bbox 1403 1897 1456 1939; x_wconf 84' lang='grc' dir='ltr'>νὲ</span> <span class='ocrx_word' id='word_1_479' title='bbox 1474 1895 1749 1953; x_wconf 86' lang='lat' dir='ltr'>praesentandi</span> <span class='ocrx_word' id='word_1_480' title='bbox 1762 1914 1838 1955; x_wconf 90' lang='lat' dir='ltr'>pro</span> <span class='ocrx_word' id='word_1_481' title='bbox 1855 1899 2008 1942; x_wconf 88' lang='lat' dir='ltr'>futuris</span> <span class='ocrx_word' id='word_1_482' title='bbox 2026 1912 2202 1957; x_wconf 89' lang='lat' dir='ltr'>quoque</span> <span class='ocrx_word' id='word_1_483' title='bbox 2214 1911 2341 1953; x_wconf 56' lang='lat' dir='ltr'>»zaca-</span> 
     </span>
     <span class='ocr_line' id='line_1_83' title="bbox 1403 1957 2339 2017; baseline 0.001 -18"><span class='ocrx_word' id='word_1_484' title='bbox 1403 1957 1620 2005; x_wconf 86' lang='lat' dir='ltr'>tionibus;</span> <span class='ocrx_word' id='word_1_485' title='bbox 1654 1960 1796 2002; x_wconf 89' lang='lat' dir='ltr'>Status</span> <span class='ocrx_word' id='word_1_486' title='bbox 1813 1972 1953 2002; x_wconf 85' lang='lat' dir='ltr'>autern</span> <span class='ocrx_word' id='word_1_487' title='bbox 1986 1961 2045 2001; x_wconf 89' lang='lat' dir='ltr'>ita</span> <span class='ocrx_word' id='word_1_488' title='bbox 2071 1957 2339 2017; x_wconf 84' lang='lat' dir='ltr'>qualificatus</span> 
     </span>
     <span class='ocr_line' id='line_1_84' title="bbox 1399 2018 2341 2078; baseline 0.002 -19"><span class='ocrx_word' id='word_1_489' title='bbox 1399 2018 1442 2059; x_wconf 87' lang='lat' dir='ltr'>in</span> <span class='ocrx_word' id='word_1_490' title='bbox 1457 2018 1619 2070; x_wconf 84' lang='lat' dir='ltr'>judicio</span> <span class='ocrx_word' id='word_1_491' title='bbox 1637 2023 1904 2078; x_wconf 83' lang='lat' dir='ltr'>exequutivo</span> <span class='ocrx_word' id='word_1_492' title='bbox 1920 2022 2135 2063; x_wconf 84' lang='lat' dir='ltr'>literarum</span> <span class='ocrx_word' id='word_1_493' title='bbox 2155 2019 2341 2076; x_wconf 88' lang='lat' dir='ltr'>Aposto-</span> 
     </span>
     <span class='ocr_line' id='line_1_85' title="bbox 1399 2076 2339 2139; baseline 0.002 -21"><span class='ocrx_word' id='word_1_494' title='bbox 1399 2076 1575 2121; x_wconf 85' lang='lat' dir='ltr'>licarum</span> <span class='ocrx_word' id='word_1_495' title='bbox 1598 2109 1610 2128; x_wconf 86' lang='lat'>‚</span> <span class='ocrx_word' id='word_1_496' title='bbox 1629 2083 1961 2125; x_wconf 89' lang='lat' dir='ltr'>&amp;institutionis</span> <span class='ocrx_word' id='word_1_497' title='bbox 1981 2082 2110 2139; x_wconf 74' lang='lat' dir='ltr'>longe</span> <span class='ocrx_word' id='word_1_498' title='bbox 2128 2081 2339 2122; x_wconf 82' lang='lat' dir='ltr'>exubera-</span> 
     </span>
     <span class='ocr_line' id='line_1_86' title="bbox 1400 2137 2339 2197; baseline 0.004 -18"><span class='ocrx_word' id='word_1_499' title='bbox 1400 2151 1446 2180; x_wconf 88' lang='lat' dir='ltr'>re</span> <span class='ocrx_word' id='word_1_500' title='bbox 1462 2140 1633 2183; x_wconf 89' lang='lat' dir='ltr'>videtur</span> <span class='ocrx_word' id='word_1_501' title='bbox 1648 2142 1699 2182; x_wconf 86' lang='lat' dir='ltr'>ad</span> <span class='ocrx_word' id='word_1_502' title='bbox 1716 2140 1905 2184; x_wconf 65' lang='lat' dir='ltr'>effeetum</span> <span class='ocrx_word' id='word_1_503' title='bbox 1925 2139 2145 2186; x_wconf 80' lang='lat' dir='ltr'>sustinendi</span> <span class='ocrx_word' id='word_1_504' title='bbox 2163 2137 2339 2197; x_wconf 88' lang='lat' dir='ltr'>ptaesen-</span> 
     </span>
     <span class='ocr_line' id='line_1_87' title="bbox 1402 2197 2341 2244; baseline 0.003 -5"><span class='ocrx_word' id='word_1_505' title='bbox 1402 2201 1609 2243; x_wconf 80' lang='lat' dir='ltr'>tationem</span> <span class='ocrx_word' id='word_1_506' title='bbox 1634 2212 1752 2242; x_wconf 83' lang='lat' dir='ltr'>tanta</span> <span class='ocrx_word' id='word_1_507' title='bbox 1786 2203 1899 2244; x_wconf 86' lang='lat' dir='ltr'>bona</span> <span class='ocrx_word' id='word_1_508' title='bbox 1917 2201 2000 2243; x_wconf 82' lang='lat' dir='ltr'>fide</span> <span class='ocrx_word' id='word_1_509' title='bbox 2019 2203 2042 2244; x_wconf 75' lang='lat' dir='ltr'>a</span> <span class='ocrx_word' id='word_1_510' title='bbox 2068 2197 2230 2242; x_wconf 86' lang='lat' dir='ltr'>Caesare</span> <span class='ocrx_word' id='word_1_511' title='bbox 2260 2201 2341 2242; x_wconf 87' lang='lat' dir='ltr'>Pa-</span> 
     </span>
     <span class='ocr_line' id='line_1_88' title="bbox 1398 2260 2339 2315; baseline 0.003 -15"><span class='ocrx_word' id='word_1_512' title='bbox 1398 2270 1528 2302; x_wconf 83' lang='lat' dir='ltr'>trono</span> <span class='ocrx_word' id='word_1_513' title='bbox 1546 2260 1756 2315; x_wconf 85' lang='lat' dir='ltr'>expletam</span> <span class='ocrx_word' id='word_1_514' title='bbox 1772 2289 1785 2308; x_wconf 92' lang='lat'>,</span> <span class='ocrx_word' id='word_1_515' title='bbox 1804 2274 1847 2303; x_wconf 92' lang='lat' dir='ltr'>ut</span> <span class='ocrx_word' id='word_1_516' title='bbox 1866 2263 2019 2303; x_wconf 87' lang='lat' dir='ltr'>millies</span> <span class='ocrx_word' id='word_1_517' title='bbox 2037 2262 2144 2303; x_wconf 85' lang='lat' dir='ltr'>dixit</span> <span class='ocrx_word' id='word_1_518' title='bbox 2160 2265 2281 2310; x_wconf 79' lang='lat' dir='ltr'>Rota,</span> <span class='ocrx_word' id='word_1_519' title='bbox 2296 2263 2339 2304; x_wconf 85' lang='lat'>&amp;</span> 
     </span>
     <span class='ocr_line' id='line_1_89' title="bbox 1399 2317 2337 2377; baseline 0.002 -17"><span class='ocrx_word' id='word_1_520' title='bbox 1399 2317 1607 2375; x_wconf 88' lang='lat' dir='ltr'>fignanter</span> <span class='ocrx_word' id='word_1_521' title='bbox 1635 2320 1675 2361; x_wconf 87' lang='lat' dir='ltr'>in</span> <span class='ocrx_word' id='word_1_522' title='bbox 1693 2321 1903 2377; x_wconf 86' lang='lat' dir='ltr'>Rheginen.</span> <span class='ocrx_word' id='word_1_523' title='bbox 1937 2322 2147 2364; x_wconf 82' lang='lat' dir='ltr'>Prioratus</span> <span class='ocrx_word' id='word_1_524' title='bbox 2167 2334 2234 2362; x_wconf 92' lang='lat'>10.</span> <span class='ocrx_word' id='word_1_525' title='bbox 2251 2321 2337 2377; x_wconf 73' lang='lat' dir='ltr'>‘&#39;Ju-</span> 
     </span>
     <span class='ocr_line' id='line_1_90' title="bbox 1395 2379 2338 2439; baseline 0.001 -19"><span class='ocrx_word' id='word_1_526' title='bbox 1395 2379 1456 2420; x_wconf 78' lang='lat' dir='ltr'>nii</span> <span class='ocrx_word' id='word_1_527' title='bbox 1478 2391 1603 2429; x_wconf 86' lang='lat'><em>1705.</em></span> <span class='ocrx_word' id='word_1_528' title='bbox 1634 2385 1673 2428; x_wconf 92' lang='lat'>§.</span> <span class='ocrx_word' id='word_1_529' title='bbox 1687 2381 1888 2439; x_wconf 66' lang='lat' dir='ltr'>Cffctque</span> <span class='ocrx_word' id='word_1_530' title='bbox 1910 2381 1951 2421; x_wconf 85' lang='lat' dir='ltr'>in</span> <span class='ocrx_word' id='word_1_531' title='bbox 1954 2383 2043 2437; x_wconf 90' lang='lat' dir='ltr'>fine</span> <span class='ocrx_word' id='word_1_532' title='bbox 2070 2396 2200 2423; x_wconf 85' lang='lat' dir='ltr'>coram</span> <span class='ocrx_word' id='word_1_533' title='bbox 2232 2379 2338 2422; x_wconf 78' lang='lat' dir='ltr'>Emi-</span> 
     </span>
     <span class='ocr_line' id='line_1_91' title="bbox 1399 2440 2338 2499; baseline 0.002 -19"><span class='ocrx_word' id='word_1_534' title='bbox 1399 2440 1610 2498; x_wconf 74' lang='lat' dir='ltr'>nentiffl&#39;mo</span> <span class='ocrx_word' id='word_1_535' title='bbox 1627 2440 1757 2481; x_wconf 85' lang='lat' dir='ltr'>Priolo</span> <span class='ocrx_word' id='word_1_536' title='bbox 1773 2469 1785 2488; x_wconf 85' lang='lat'>,</span> <span class='ocrx_word' id='word_1_537' title='bbox 1806 2442 2061 2484; x_wconf 83' lang='lat' dir='ltr'>Melevitana</span> <span class='ocrx_word' id='word_1_538' title='bbox 2080 2441 2338 2499; x_wconf 81' lang='lat' dir='ltr'>‘&#39;Jurispatro-</span> 
     </span>
     <span class='ocr_line' id='line_1_92' title="bbox 1397 2501 2339 2562; baseline 0.003 -22"><span class='ocrx_word' id='word_1_539' title='bbox 1397 2512 1517 2541; x_wconf 88' lang='lat' dir='ltr'>natus</span> <span class='ocrx_word' id='word_1_540' title='bbox 1537 2513 1603 2552; x_wconf 84' lang='lat'>13.</span> <span class='ocrx_word' id='word_1_541' title='bbox 1621 2501 1818 2560; x_wconf 76' lang='lat' dir='ltr'>‘Januarii</span> <span class='ocrx_word' id='word_1_542' title='bbox 1838 2503 1965 2552; x_wconf 87' lang='lat'><em>1708.</em></span> <span class='ocrx_word' id='word_1_543' title='bbox 1983 2507 2021 2550; x_wconf 89' lang='lat'>§.</span> <span class='ocrx_word' id='word_1_544' title='bbox 2035 2501 2339 2562; x_wconf 56' lang='lat' dir='ltr'>Qualifican&#39;ffi‘-</span> 
     </span>
     <span class='ocr_line' id='line_1_93' title="bbox 1399 2561 2335 2612; baseline 0.001 -11"><span class='ocrx_word' id='word_1_545' title='bbox 1399 2575 1485 2601; x_wconf 88' lang='lat' dir='ltr'>mus</span> <span class='ocrx_word' id='word_1_546' title='bbox 1503 2576 1631 2602; x_wconf 87' lang='lat' dir='ltr'>coram</span> <span class='ocrx_word' id='word_1_547' title='bbox 1644 2561 1728 2602; x_wconf 91' lang='lat' dir='ltr'>bon.</span> <span class='ocrx_word' id='word_1_548' title='bbox 1746 2577 1860 2603; x_wconf 88' lang='lat' dir='ltr'>mem.</span> <span class='ocrx_word' id='word_1_549' title='bbox 1876 2566 2027 2605; x_wconf 71' lang='lat' dir='ltr'>Omana</span> <span class='ocrx_word' id='word_1_550' title='bbox 2042 2592 2055 2612; x_wconf 86' lang='lat'>,</span> <span class='ocrx_word' id='word_1_551' title='bbox 2073 2562 2335 2603; x_wconf 82' lang='lat' dir='ltr'>Mediolanen.</span> 
     </span>
     <span class='ocr_line' id='line_1_94' title="bbox 1399 2621 2336 2679; baseline 0.001 -17"><span class='ocrx_word' id='word_1_552' title='bbox 1399 2622 1651 2674; x_wconf 82' lang='lat' dir='ltr'>Cappellaniae</span> <span class='ocrx_word' id='word_1_553' title='bbox 1666 2636 1708 2672; x_wconf 93' lang='lat'>9.</span> <span class='ocrx_word' id='word_1_554' title='bbox 1723 2623 1835 2673; x_wconf 78' lang='lat' dir='ltr'>Maji</span> <span class='ocrx_word' id='word_1_555' title='bbox 1855 2635 1869 2661; x_wconf 94' lang='lat'><em>1</em></span> <span class='ocrx_word' id='word_1_556' title='bbox 1880 2636 1902 2674; x_wconf 90' lang='lat'>7</span> <span class='ocrx_word' id='word_1_557' title='bbox 1915 2636 1930 2662; x_wconf 92' lang='lat'><em>1</em></span> <span class='ocrx_word' id='word_1_558' title='bbox 1946 2637 1980 2663; x_wconf 88' lang='lat'>1.</span> <span class='ocrx_word' id='word_1_559' title='bbox 2009 2628 2047 2671; x_wconf 87' lang='lat'>§.</span> <span class='ocrx_word' id='word_1_560' title='bbox 2063 2624 2190 2664; x_wconf 84' lang='lat' dir='ltr'>Tanto</span> <span class='ocrx_word' id='word_1_561' title='bbox 2205 2621 2336 2679; x_wconf 76' lang='lat' dir='ltr'>magis</span> 
     </span>
     <span class='ocr_line' id='line_1_95' title="bbox 1399 2682 2334 2740; baseline 0.004 -19"><span class='ocrx_word' id='word_1_562' title='bbox 1399 2695 1531 2722; x_wconf 85' lang='lat' dir='ltr'>coram</span> <span class='ocrx_word' id='word_1_563' title='bbox 1546 2683 1674 2723; x_wconf 86' lang='lat' dir='ltr'>eodem</span> <span class='ocrx_word' id='word_1_564' title='bbox 1704 2682 1999 2740; x_wconf 82' lang='lat' dir='ltr'>Eminentifflmo</span> <span class='ocrx_word' id='word_1_565' title='bbox 2029 2684 2156 2725; x_wconf 88' lang='lat' dir='ltr'>Priolo</span> <span class='ocrx_word' id='word_1_566' title='bbox 2171 2712 2186 2733; x_wconf 85' lang='lat'>,</span> <span class='ocrx_word' id='word_1_567' title='bbox 2218 2682 2267 2727; x_wconf 74' lang='lat'>&amp;⁵</span> <span class='ocrx_word' id='word_1_568' title='bbox 2292 2682 2334 2725; x_wconf 78' lang='lat' dir='ltr'>in</span> 
     </span>
     <span class='ocr_line' id='line_1_96' title="bbox 1397 2741 2335 2803; baseline 0.003 -21"><span class='ocrx_word' id='word_1_569' title='bbox 1397 2741 1668 2783; x_wconf 84' lang='lat' dir='ltr'>Mediolanen.</span> <span class='ocrx_word' id='word_1_570' title='bbox 1682 2742 1866 2798; x_wconf 84' lang='lat' dir='ltr'>Beneficii</span> <span class='ocrx_word' id='word_1_571' title='bbox 1882 2756 1921 2795; x_wconf 93' lang='lat'>7.</span> <span class='ocrx_word' id='word_1_572' title='bbox 1938 2744 2058 2803; x_wconf 69' lang='lat' dir='ltr'>Junii</span> <span class='ocrx_word' id='word_1_573' title='bbox 2074 2757 2089 2783; x_wconf 92' lang='lat'><em>1</em></span> <span class='ocrx_word' id='word_1_574' title='bbox 2101 2757 2123 2791; x_wconf 89' lang='lat'><em>7</em></span> <span class='ocrx_word' id='word_1_575' title='bbox 2137 2757 2201 2794; x_wconf 85' lang='lat'>15.</span> <span class='ocrx_word' id='word_1_576' title='bbox 2219 2748 2258 2791; x_wconf 88' lang='lat'>§.</span> <span class='ocrx_word' id='word_1_577' title='bbox 2278 2748 2335 2785; x_wconf 81' lang='lat' dir='ltr'>A·</span> 
     </span>
     <span class='ocr_line' id='line_1_97' title="bbox 1392 2801 2337 2859; baseline 0.003 -18"><span class='ocrx_word' id='word_1_578' title='bbox 1392 2801 1517 2856; x_wconf 85' lang='lat' dir='ltr'>-bsque</span> <span class='ocrx_word' id='word_1_579' title='bbox 1534 2816 1574 2843; x_wconf 89' lang='lat' dir='ltr'>eo</span> <span class='ocrx_word' id='word_1_580' title='bbox 1591 2804 1708 2857; x_wconf 87' lang='lat' dir='ltr'>quod,</span> <span class='ocrx_word' id='word_1_581' title='bbox 1722 2802 1772 2846; x_wconf 62' lang='grc' dir='ltr'>ὁ·</span> <span class='ocrx_word' id='word_1_582' title='bbox 1788 2809 1825 2852; x_wconf 88' lang='lat'>§.</span> <span class='ocrx_word' id='word_1_583' title='bbox 1829 2804 1910 2859; x_wconf 91' lang='lat' dir='ltr'>fin.</span> <span class='ocrx_word' id='word_1_584' title='bbox 1926 2819 2054 2846; x_wconf 77' lang='lat' dir='ltr'>coram</span> <span class='ocrx_word' id='word_1_585' title='bbox 2070 2807 2142 2846; x_wconf 83' lang='lat' dir='ltr'>Me</span> <span class='ocrx_word' id='word_1_586' title='bbox 2155 2833 2167 2844; x_wconf 89' lang='lat'><em>.</em></span> <span class='ocrx_word' id='word_1_587' title='bbox 2183 2806 2188 2812; x_wconf 86' lang='lat'>&#39;</span> <span class='ocrx_word' id='word_1_588' title='bbox 2203 2805 2337 2846; x_wconf 82' lang='lat' dir='ltr'>Acce-</span> 
     </span>
     <span class='ocr_line' id='line_1_98' title="bbox 1395 2861 2336 2921; baseline 0.003 -19"><span class='ocrx_word' id='word_1_589' title='bbox 1395 2861 1524 2903; x_wconf 85' lang='lat' dir='ltr'>dente</span> <span class='ocrx_word' id='word_1_590' title='bbox 1537 2861 1901 2921; x_wconf 83' lang='lat' dir='ltr'>praesertim‚quod</span> <span class='ocrx_word' id='word_1_591' title='bbox 1915 2865 1967 2906; x_wconf 89' lang='lat' dir='ltr'>ab</span> <span class='ocrx_word' id='word_1_592' title='bbox 1977 2866 2070 2907; x_wconf 88' lang='lat' dir='ltr'>aliis</span> <span class='ocrx_word' id='word_1_593' title='bbox 2085 2863 2336 2921; x_wconf 85' lang='lat' dir='ltr'>antiquiori·</span> 
     </span>
     <span class='ocr_line' id='line_1_99' title="bbox 1397 2922 2334 2970; baseline 0.004 -8"><span class='ocrx_word' id='word_1_594' title='bbox 1397 2922 1476 2963; x_wconf 88' lang='lat' dir='ltr'>bus</span> <span class='ocrx_word' id='word_1_595' title='bbox 1490 2922 1750 2970; x_wconf 80' lang='lat' dir='ltr'>statibus,hic</span> <span class='ocrx_word' id='word_1_596' title='bbox 1763 2925 1935 2966; x_wconf 86' lang='lat' dir='ltr'>ultimus</span> <span class='ocrx_word' id='word_1_597' title='bbox 1951 2923 2224 2968; x_wconf 86' lang='lat' dir='ltr'>confirmatus</span> <span class='ocrx_word' id='word_1_598' title='bbox 2242 2924 2334 2966; x_wconf 84' lang='lat' dir='ltr'>exi-</span> 
     </span>
     <span class='ocr_line' id='line_1_100' title="bbox 1397 2982 2333 3042; baseline 0 -16"><span class='ocrx_word' id='word_1_599' title='bbox 1397 2983 1463 3026; x_wconf 89' lang='lat' dir='ltr'>stit</span> <span class='ocrx_word' id='word_1_600' title='bbox 1480 3010 1494 3030; x_wconf 86' lang='lat'>,</span> <span class='ocrx_word' id='word_1_601' title='bbox 1527 2982 1624 3024; x_wconf 90' lang='lat' dir='ltr'>dum</span> <span class='ocrx_word' id='word_1_602' title='bbox 1646 2983 1699 3024; x_wconf 91' lang='lat' dir='ltr'>de</span> <span class='ocrx_word' id='word_1_603' title='bbox 1717 2997 1826 3025; x_wconf 87' lang='lat' dir='ltr'>anno</span> <span class='ocrx_word' id='word_1_604' title='bbox 1850 2989 1977 3036; x_wconf 91' lang='lat'><em>1642.</em></span> <span class='ocrx_word' id='word_1_605' title='bbox 1993 2987 2185 3042; x_wconf 64' lang='lat' dir='ltr'>⁸Ioannes</span> <span class='ocrx_word' id='word_1_606' title='bbox 2202 2985 2333 3042; x_wconf 83' lang='lat' dir='ltr'>Sylos</span> 
     </span>
     <span class='ocr_line' id='line_1_101' title="bbox 1396 3039 2330 3101; baseline 0.003 -18"><span class='ocrx_word' id='word_1_607' title='bbox 1396 3039 1571 3084; x_wconf 81' lang='lat' dir='ltr'>Caesaris</span> <span class='ocrx_word' id='word_1_608' title='bbox 1589 3056 1691 3085; x_wconf 84' lang='lat' dir='ltr'>avus</span> <span class='ocrx_word' id='word_1_609' title='bbox 1711 3055 1912 3101; x_wconf 88' lang='lat' dir='ltr'>tanquam</span> <span class='ocrx_word' id='word_1_610' title='bbox 1930 3048 2075 3088; x_wconf 89' lang='lat' dir='ltr'>unicus</span> <span class='ocrx_word' id='word_1_611' title='bbox 2097 3048 2299 3087; x_wconf 80' lang='lat' dir='ltr'>Patronus</span> <span class='ocrx_word' id='word_1_612' title='bbox 2315 3071 2330 3093; x_wconf 90' lang='lat'>‚</span> 
     </span>
     <span class='ocr_line' id='line_1_102' title="bbox 1395 3102 2330 3153; baseline 0.004 -9"><span class='ocrx_word' id='word_1_613' title='bbox 1395 3103 1448 3144; x_wconf 89' lang='lat' dir='ltr'>ad</span> <span class='ocrx_word' id='word_1_614' title='bbox 1465 3102 1552 3144; x_wconf 87' lang='lat' dir='ltr'>haec</span> <span class='ocrx_word' id='word_1_615' title='bbox 1575 3103 1655 3144; x_wconf 88' lang='lat' dir='ltr'>tria</span> <span class='ocrx_word' id='word_1_616' title='bbox 1683 3102 1896 3147; x_wconf 83' lang='lat' dir='ltr'>Beneficia</span> <span class='ocrx_word' id='word_1_617' title='bbox 1923 3107 2156 3148; x_wconf 87' lang='lat' dir='ltr'>nominavit</span> <span class='ocrx_word' id='word_1_618' title='bbox 2170 3133 2183 3153; x_wconf 88' lang='lat'>‚</span> <span class='ocrx_word' id='word_1_619' title='bbox 2213 3119 2260 3146; x_wconf 93' lang='lat' dir='ltr'>ac</span> <span class='ocrx_word' id='word_1_620' title='bbox 2288 3104 2330 3148; x_wconf 85' lang='lat' dir='ltr'>in</span> 
     </span>
     <span class='ocr_line' id='line_1_103' title="bbox 1395 3163 2330 3221; baseline 0.003 -18"><span class='ocrx_word' id='word_1_621' title='bbox 1395 3163 1532 3204; x_wconf 83' lang='lat' dir='ltr'>altero</span> <span class='ocrx_word' id='word_1_622' title='bbox 1550 3177 1726 3221; x_wconf 89' lang='lat' dir='ltr'>quoque</span> <span class='ocrx_word' id='word_1_623' title='bbox 1742 3164 1846 3206; x_wconf 87' lang='lat' dir='ltr'>statu</span> <span class='ocrx_word' id='word_1_624' title='bbox 1870 3168 1967 3207; x_wconf 90' lang='lat' dir='ltr'>anni</span> <span class='ocrx_word' id='word_1_625' title='bbox 1988 3170 2112 3217; x_wconf 89' lang='lat'><em>1647.</em></span> <span class='ocrx_word' id='word_1_626' title='bbox 2141 3169 2178 3206; x_wconf 89' lang='lat'>&amp;</span> <span class='ocrx_word' id='word_1_627' title='bbox 2202 3169 2278 3215; x_wconf 84' lang='lat'>165</span> <span class='ocrx_word' id='word_1_628' title='bbox 2294 3178 2330 3206; x_wconf 88' lang='lat'>1.</span> 
     </span>
     <span class='ocr_line' id='line_1_104' title="bbox 1393 3219 2330 3278; baseline 0.003 -15"><span class='ocrx_word' id='word_1_629' title='bbox 1393 3222 1480 3278; x_wconf 89' lang='lat' dir='ltr'>ipse</span> <span class='ocrx_word' id='word_1_630' title='bbox 1496 3219 1609 3264; x_wconf 90' lang='lat' dir='ltr'>solus</span> <span class='ocrx_word' id='word_1_631' title='bbox 1626 3221 1892 3278; x_wconf 86' lang='lat' dir='ltr'>praesentavit</span> <span class='ocrx_word' id='word_1_632' title='bbox 1908 3255 1920 3265; x_wconf 90' lang='lat'><em>.</em></span> <span class='ocrx_word' id='word_1_633' title='bbox 1951 3225 2044 3268; x_wconf 89' lang='lat' dir='ltr'>Hoc</span> <span class='ocrx_word' id='word_1_634' title='bbox 2063 3225 2173 3268; x_wconf 90' lang='lat' dir='ltr'>idem</span> <span class='ocrx_word' id='word_1_635' title='bbox 2187 3225 2240 3266; x_wconf 87' lang='lat' dir='ltr'>de</span> <span class='ocrx_word' id='word_1_636' title='bbox 2259 3238 2330 3266; x_wconf 75' lang='lat' dir='ltr'>an-</span> 
     </span>
     <span class='ocr_line' id='line_1_105' title="bbox 1395 3281 2330 3341; baseline 0.003 -17"><span class='ocrx_word' id='word_1_637' title='bbox 1395 3297 1452 3324; x_wconf 90' lang='lat' dir='ltr'>no</span> <span class='ocrx_word' id='word_1_638' title='bbox 1475 3287 1601 3334; x_wconf 90' lang='lat'><em>1671.</em></span> <span class='ocrx_word' id='word_1_639' title='bbox 1628 3281 1769 3326; x_wconf 79' lang='lat' dir='ltr'>feciffe</span> <span class='ocrx_word' id='word_1_640' title='bbox 1786 3286 1946 3327; x_wconf 88' lang='lat' dir='ltr'>constat</span> <span class='ocrx_word' id='word_1_641' title='bbox 1978 3283 2234 3328; x_wconf 85' lang='lat' dir='ltr'>Franciscum</span> <span class='ocrx_word' id='word_1_642' title='bbox 2256 3298 2330 3341; x_wconf 86' lang='lat' dir='ltr'>pa-</span> 
     </span>
     <span class='ocr_line' id='line_1_106' title="bbox 1394 3340 2326 3403; baseline 0.004 -19"><span class='ocrx_word' id='word_1_643' title='bbox 1394 3354 1500 3384; x_wconf 90' lang='lat' dir='ltr'>trem</span> <span class='ocrx_word' id='word_1_644' title='bbox 1518 3340 1692 3385; x_wconf 68' lang='lat' dir='ltr'>Caesaris</span> <span class='ocrx_word' id='word_1_645' title='bbox 1709 3346 1901 3388; x_wconf 88' lang='lat' dir='ltr'>moderni</span> <span class='ocrx_word' id='word_1_646' title='bbox 1919 3347 2088 3388; x_wconf 84' lang='lat' dir='ltr'>Patroni</span> <span class='ocrx_word' id='word_1_647' title='bbox 2108 3374 2121 3394; x_wconf 92' lang='lat'>,</span> <span class='ocrx_word' id='word_1_648' title='bbox 2146 3361 2233 3403; x_wconf 90' lang='lat' dir='ltr'>quo</span> <span class='ocrx_word' id='word_1_649' title='bbox 2253 3359 2326 3389; x_wconf 85' lang='lat' dir='ltr'>ca-</span> 
     </span>
     <span class='ocr_line' id='line_1_107' title="bbox 1390 3401 2329 3463; baseline 0.004 -19"><span class='ocrx_word' id='word_1_650' title='bbox 1390 3401 1435 3444; x_wconf 91' lang='lat' dir='ltr'>su</span> <span class='ocrx_word' id='word_1_651' title='bbox 1449 3414 1570 3445; x_wconf 90' lang='lat' dir='ltr'>tanto</span> <span class='ocrx_word' id='word_1_652' title='bbox 1585 3405 1721 3446; x_wconf 88' lang='lat' dir='ltr'>minus</span> <span class='ocrx_word' id='word_1_653' title='bbox 1733 3406 2029 3461; x_wconf 84' lang='lat' dir='ltr'>impugnabilis</span> <span class='ocrx_word' id='word_1_654' title='bbox 2044 3407 2212 3448; x_wconf 89' lang='lat' dir='ltr'>videtur</span> <span class='ocrx_word' id='word_1_655' title='bbox 2223 3419 2329 3463; x_wconf 84' lang='lat' dir='ltr'>prae-</span> 
     </span>
     <span class='ocr_line' id='line_1_108' title="bbox 1385 3459 2329 3522; baseline 0.004 -18"><span class='ocrx_word' id='word_1_656' title='bbox 1385 3459 1571 3505; x_wconf 43' lang='lat' dir='ltr'>«sentatio</span> <span class='ocrx_word' id='word_1_657' title='bbox 1588 3465 1639 3504; x_wconf 81' lang='lat' dir='ltr'>ad</span> <span class='ocrx_word' id='word_1_658' title='bbox 1656 3463 1832 3506; x_wconf 87' lang='lat' dir='ltr'>formam</span> <span class='ocrx_word' id='word_1_659' title='bbox 1852 3477 1920 3506; x_wconf 91' lang='lat' dir='ltr'>tot</span> <span class='ocrx_word' id='word_1_660' title='bbox 1935 3467 2231 3522; x_wconf 85' lang='lat' dir='ltr'>multiplicium</span> <span class='ocrx_word' id='word_1_661' title='bbox 2251 3468 2329 3508; x_wconf 83' lang='lat' dir='ltr'>sta-</span> 
     </span>
     <span class='ocr_line' id='line_1_109' title="bbox 1388 3524 2327 3570; baseline 0.003 -5"><span class='ocrx_word' id='word_1_662' title='bbox 1388 3533 1508 3565; x_wconf 80' lang='lat' dir='ltr'>tuum</span> <span class='ocrx_word' id='word_1_663' title='bbox 1527 3535 1721 3569; x_wconf 84' lang='lat' dir='ltr'>emanata</span> <span class='ocrx_word' id='word_1_664' title='bbox 1735 3529 1839 3568; x_wconf 85' lang='lat' dir='ltr'>Rota</span> <span class='ocrx_word' id='word_1_665' title='bbox 1863 3524 1904 3567; x_wconf 87' lang='lat' dir='ltr'>in</span> <span class='ocrx_word' id='word_1_666' title='bbox 1919 3526 2187 3570; x_wconf 81' lang='lat' dir='ltr'>Mediolanen.</span> <span class='ocrx_word' id='word_1_667' title='bbox 2215 3527 2327 3569; x_wconf 83' lang='lat' dir='ltr'>Prio-</span> 
     </span>
    </p>

    <p class='ocr_par' dir='ltr' id='par_1_8' title="bbox 2209 3597 2325 3630">
     <span class='ocr_line' id='line_1_110' title="bbox 2209 3597 2325 3630; baseline 0.026 -3"><span class='ocrx_word' id='word_1_668' title='bbox 2209 3597 2325 3630; x_wconf 82' lang='lat' dir='ltr'>ratus</span> 
     </span>
    </p>
   </div>
  </div>
 </body>
</html>
