2502 3848
415 210 541 264 192.

408 305 546 348 liberis
563 317 637 344 non
651 301 719 361 effl=
734 301 876 342 datam
895 301 1213 356 eleHionem‚fid
1223 302 1356 343 ordine

397 361 1103 421 scriptumfaliamsubstitutionem
1127 362 1303 418 respondi
1318 387 1356 395 --

406 424 567 480 Cephal.
589 422 684 475 cons
705 433 723 471 5
734 435 774 475 3.
790 434 894 462 num.
907 426 980 470 69.
1007 421 1074 462 lib.
1106 433 1144 461 1.
1173 422 1355 480 Menoch-

406 485 506 537 cons
516 485 614 534 187
626 497 730 524 num.
738 495 807 521 20.
826 492 918 524 tom.
935 493 974 522 2.
989 485 1155 522 Cancer.
1171 496 1268 522 var.
1286 495 1352 522 re-

393 545 479 599 sol.
488 555 583 599 par.
594 556 630 583 1.
644 554 728 597 cap.
737 554 773 582 1.
791 540 999 594 desubstit.
1015 555 1123 582 num·
1135 553 1231 592 113.
1242 541 1354 583 Etin

406 606 474 647 his
490 604 684 646 terminis
709 601 951 658 procedunt
980 602 1253 645 auctoritates
1287 599 1353 644 su-

407 664 551 722 perius
570 663 710 706 relatae
729 667 768 710 5.
792 661 871 702 His
882 662 1105 716 exemplis.

352 727 402 771 18
469 724 653 766 Maxime
672 722 699 765 fi
720 722 772 765 de
798 734 994 779 tempore
1022 722 1146 775 hujus
1172 718 1346 777 dispofi-

407 785 540 828 tionis
589 796 675 827 non
715 781 898 824 adessent
945 781 1017 824 nifi
1049 779 1354 839 consanguinei

409 844 586 893 Mariti,
615 841 904 898 autfiipfimet
920 841 1142 900 Conjuges
1178 843 1221 883 in
1249 855 1359 883 con-

408 903 529 948 cursu
544 900 844 959 consanguinei
862 903 1022 945 Uxoris
1040 877 1352 958 gmrfficaffem,

409 970 463 1009 &
471 960 743 1021 praetuliffent
759 960 1118 1019 consanguineum
1136 963 1296 1011 Mariti,
1312 962 1352 1003 ei

368 1022 372 1028 ’
408 1023 676 1068 conferendo
708 1021 920 1079 praefatam
949 1021 1305 1079 Cappellaniama
1339 1052 1350 1064 .

408 1087 470 1129 Ex
482 1085 548 1127 his
565 1086 674 1127 enim
689 1083 1012 1125 circumstantiis
1028 1082 1140 1124 clare
1159 1080 1351 1124 desume-

409 1158 527 1188 retur
543 1145 744 1187 voluntas
761 1143 1010 1185 eorumdem
1021 1141 1269 1198 Conjugum
1285 1140 1348 1184 es-

410 1205 452 1248 se
482 1203 678 1262 praeferre
698 1201 1055 1259 consanguineum
1075 1203 1220 1244 Mariti
1244 1216 1352 1246 con-

412 1265 645 1324 sanguineo
657 1264 832 1306 Uxoris.
835 1264 978 1316 Fufizr.
995 1261 1197 1316 desubstit.
1186 1277 1240 1318 ..q
1229 1275 1296 1314 ·3²
1310 1276 1346 1303 1.

411 1341 516 1368 num.
524 1336 561 1374 ς.
579 1324 628 1368 &⁶
645 1338 685 1379 q.
691 1336 792 1377 324.
807 1338 913 1365 num.
927 1328 970 1366 6.
987 1323 1156 1364 Ciarlin.
1170 1334 1350 1364 controv.

406 1390 494 1442 jur.
518 1391 586 1426 26.
603 1400 707 1427 num.
725 1398 793 1424 21.
814 1383 881 1425 lib.
899 1398 938 1426 2.
953 1384 1114 1427 Rotam
1129 1384 1350 1425 Gerunden.

411 1445 597 1501 Beneficii
612 1445 658 1486 de
674 1445 768 1486 Olor
786 1458 826 1495 7.
841 1443 954 1496 Maji
975 1447 1162 1497 1703.>§.
1179 1443 1254 1485 His
1269 1458 1352 1485 om-

412 1507 525 1550 nibus
542 1519 673 1547 coram
687 1504 935 1558 Eminencifl.
952 1503 1079 1546 Priolo
1094 1531 1108 1552 ,
1125 1508 1165 1547 &
1185 1504 1227 1544 in
1244 1503 1353 1546 fimi-

412 1568 525 1611 libus
546 1566 736 1609 terminis
755 1564 916 1606 firmavi
933 1563 1120 1621 superius
1134 1566 1233 1606 Can.
1250 1567 1283 1605 Ῑ.
1299 1563 1366 1608 ἐν

409 1630 466 1670 ΙΙ.
477 1629 775 1686 Cas-XIVmum.
780 1639 820 1675 9.
835 1625 885 1668 ὠ·
906 1636 974 1676 15.
1302 1657 1305 1660 Α

357 1710 407 1748 19
435 1689 560 1731 Aut
603 1685 831 1729 fundarunt
872 1685 1193 1741 Cappellaniam
1237 1683 1352 1727 mere

412 1748 626 1791 Laicalem
643 1746 697 1788 de
714 1747 840 1789 bonis
859 1746 1044 1802 propriis
1076 1760 1153 1801 pro
1171 1742 1351 1787 consan-

412 1808 582 1865 guineis
599 1803 838 1864 utriusque,
869 1810 909 1849 &
926 1820 1012 1848 non
1027 1805 1127 1847 adiit
1144 1805 1228 1846 ulla
1243 1818 1349 1847 con-

412 1870 570 1923 ,iectura
582 1867 818 1912 v'oluntatis
831 1866 1088 1908 Fundatoris
1105 1865 1246 1921 potius
1266 1880 1368 1921 pre-s

416 1928 586 1972 ferendi
616 1924 956 1982 consanguineos
976 1926 1148 1973 Mariti,
1175 1929 1215 1967 δε
1245 1938 1346 1967 tunc

418 1988 670 2032 Ordinarius
686 2014 699 2036 ,
731 1999 802 2029 aut
825 1987 931 2028 alius
949 1986 1110 2028 habens
1130 1984 1347 2028 conferre.)

418 2049 570 2092 dictam
588 2048 908 2104 Cappellaniam
926 2046 1040 2089 estin
1058 2046 1258 2088 libertate
1276 2058 1356 2087 cae-

418 2111 524 2153 teris
545 2109 715 2166 paribus
747 2106 1014 2165 gratificandi
1043 2121 1169 2164 quem
1187 2106 1277 2148 vult
1295 2120 1347 2147 ex

419 2167 745 2224 consanguineis
761 2166 975 2225 utriusque
990 2167 1207 2223 Conjugis
1223 2183 1234 2211 ;
1252 2180 1345 2208 nam

418 2231 512 2274 cum
545 2229 767 2286 aequaliter
791 2225 1133 2284 consanguineos
1166 2238 1324 2269 vocent
1342 2255 1355 2274 ,

421 2290 486 2332 isti
501 2290 653 2347 aequali
669 2286 946 2336 affertiouffi&
968 2300 1074 2330 voto
1091 2288 1235 2330 vocati
1254 2300 1369 2328 cen-

420 2349 578 2397 sentur.
593 2348 838 2390 Lambertin.
854 2349 900 2388 de
904 2348 1082 2402 jurepat.
1098 2347 1302 2400 lib.2.par.
1309 2362 1347 2400 3.

420 2426 458 2467 q.
470 2422 508 2460 5.
525 2420 654 2451 arta.
667 2421 815 2459 num.4.
829 2411 935 2449 Lara
951 2409 999 2449 de
1017 2407 1228 2459 Annivers.
1243 2407 1356 2449 liba.

421 2483 552 2525 capa.
567 2483 672 2510 num.
679 2481 748 2522 34.
759 2467 957 2518 Amostaz.
971 2468 1018 2509 de
1033 2467 1135 2521 caus]
1148 2467 1226 2520 piis
1241 2468 1308 2508 lib.
1315 2480 1354 2519 3.

420 2542 504 2584 cap.
524 2531 564 2570 8.
579 2544 682 2571 num.
711 2542 777 2580 24.
806 2534 936 2572 Garz.
949 2529 998 2571 de
1012 2528 1179 2583 Benefic.
1204 2540 1296 2583 par.
1312 2541 1354 2580 7.

421 2602 504 2646 cap.
515 2603 581 2640 15.
598 2606 636 2631 n.
643 2602 712 2630 21.
727 2589 884 2644 infine.

363 2664 419 2693 20
501 2651 595 2692 Nec
626 2649 762 2692 obstat
793 2650 1030 2705 exemplum
1055 2648 1288 2702 Majoratus
1334 2645 1358 2688 ὲ

421 2710 610 2757 Marito,
643 2713 682 2752 &
712 2710 858 2751 Uxore
891 2710 1094 2756 instituti,
1122 2706 1370 2764 Disparitas.

423 2783 606 2827 namque
619 2769 692 2819 est,
709 2770 808 2826 quia
822 2770 865 2810 in
882 2769 1160 2821 Majoratibus
1178 2766 1361 2811 intendi-

421 2842 489 2872 tur
505 2827 772 2872 conservatio
791 2827 956 2872 familiae
973 2857 986 2878 ,
1002 2833 1042 2872 &
1060 2830 1100 2870 in
1121 2827 1350 2885 Cappella-

423 2891 504 2932 niis
522 2890 634 2931 mere
648 2890 883 2934 Laicalibus
916 2893 1001 2932 no'n
1029 2889 1264 2931 intenditur
1283 2888 1361 2929 hu-

421 2947 602 3004 jusmodi
633 2946 900 2993 conservatio
919 2978 932 2998 ‚
959 2948 1030 2991 sed
1059 2947 1192 2991 solum
1225 2949 1357 2989 adim-

425 3010 683 3066 plementum
701 3011 843 3052 oneris
861 3007 1017 3052 eisdem
1032 3010 1241 3057 annexi,&
1259 3008 1365 3050 ideo.

426 3070 599 3127 quando
618 3070 659 3111 in
677 3069 958 3122 Majoratibus
974 3068 1160 3112 fundatis
1189 3069 1213 3111 a
1228 3068 1361 3110 Mari-

427 3141 473 3171 to
495 3157 508 3178 ‚
537 3133 576 3172 &
604 3129 753 3171 Uxore
779 3130 997 3186 aequaliter
1013 3144 1089 3186 pro
1107 3143 1250 3173 eorum
1264 3142 1366 3170 con-

426 3187 665 3244 sanguineis
692 3216 706 3237 ,
742 3202 1000 3232 concurrunt
1017 3190 1103 3232 duo
1118 3189 1365 3244 consangui-

431 3249 500 3290 nei
516 3249 558 3288 in
572 3248 724 3290 eodem
741 3249 873 3306 gradu
887 3251 1295 3305 proximiores,unus
1312 3261 1364 3289 ex

428 3318 549 3364 parte
566 3308 655 3349 Viri
670 3336 683 3355 ‚
699 3312 738 3351 &
760 3309 868 3351 alter
885 3323 934 3351 ex
951 3321 1068 3366 parte
1084 3310 1241 3351 Uxoris
1255 3337 1268 3358 ‚
1282 3323 1361 3364 po-

430 3367 517 3409 tius
543 3366 825 3422 praefercndus
854 3370 911 3410 est
941 3368 1274 3425 consanguineus
1313 3382 1365 3410 ex

433 3439 552 3485 parte
571 3427 663 3468 Viri
697 3439 909 3484 tamquam
942 3431 1086 3484 potior
1119 3430 1171 3470 ad
1203 3425 1368 3471 conser-

437 3487 614 3531 vandam
633 3484 830 3530 familiam
844 3516 857 3537 ‚
887 3488 1014 3545 quam
1031 3487 1367 3545 consanguineus

2008 16 2064 45 ,κῃ

783 186 1391 254 Commentaria‘a'd
1425 183 1706 274 fingi-'ilos
1734 191 2036 254 Canones
2074 183 2078 187 ’

1469 301 1663 347 Uxoris,
1680 303 1786 344 Non
1802 300 1906 344 vero
1921 300 2128 359 quando
2115 315 2159 344 ιη
2180 300 2421 357 Cappe'llzi·

1474 362 1556 404 niis
1573 362 1687 404 mere
1701 361 1942 404 Laicalibus
1960 359 2149 404 fundatis
2164 362 2215 403 ab
2232 366 2423 420 utroque‘

1477 421 1699 477 Conjuge
1709 420 1928 478 aequaliter
1954 436 2032 478 pro
2056 419 2278 479 utriusque
2310 437 2420 466 con-

1475 479 1993 549 sanguineis‚concurrunt
2003 481 2310 539 consanguinei
2326 483 2423 526 Μα-

1475 542 1607 590 rim&
1622 542 1814 584 Uxoris
1802 554 1845 583 m
1864 541 2018 584 eodem
2037 542 2170 598 gradu
2185 543 2424 599 proximio«

1476 614 1560 650 res,
1577 612 1678 643 tunc
1692 603 1802 644 enim
1819 599 2105 660 unusquisque
2121 617 2270 645 corum
2286 604 2416 658 grati-'-

1473 659 1591 703 ficari
1602 662 1755 718 potest,
1761 666 1865 703 Lara
1881 662 1928 702 de
1949 663 2237 718 Anniverslib.
2244 677 2281 704 2.
2285 675 2367 716 cap.
2373 677 2413 703 2.

1474 733 1580 763 num.
1587 733 1656 773 34.
1675 721 1871 774 Amostaz.
1884 722 1931 762 de
1947 723 2051 775 caus
2064 722 2144 776 piis
2160 724 2226 765 tib.
2231 736 2271 775 3.
2287 733 2369 776 cap.
2375 724 2424 764 8.

1473 796 1511 822 n.
1520 794 1588 831 25.
1603 780 1745 842 &fiq-
1761 787 1889 824 Garz.
1893 781 1938 822 de
1947 782 2100 837 Benefic
2103 795 2203 838 .par.
2210 797 2250 836 7.
2254 795 2337 870 eap.
2347 793 2414 833 15.

1476 852 1580 883 num.
1590 855 1607 881 2
1622 855 1658 882 1.

1537 901 1652 959 Qid
1669 912 1808 943 autem
1825 900 1852 943 fi
1837 904 2036 945 ivocatis
2061 905 2284 962 aequaliter
2312 914 2418 946 con-

1477 958 1716 1020 sanguineis
1734 960 1948 1021 utriusque
1969 963 2209 1021 Coniugis,
2236 960 2419 1013 consan-

1411 1055 1417 1061 ,.
1479 1023 1656 1080 guineus
1671 1023 1832 1065 Uxoris
1850 1022 1896 1064 fit
1910 1023 2105 1067 Clericus
2117 1054 2132 1074 ,
2162 1018 2423 1080 consanguss

1478 1095 1583 1125 neus
1605 1084 1708 1125 vero
1724 1083 1866 1124 Mariti
1884 1082 1930 1126 fit
1943 1085 2095 1127 Laicus
2111 1113 2125 1135 ,
2153 1088 2249 1144 quis
2263 1095 2421 1131 eorum

1480 1144 1538 1186 est
1556 1141 1874 1199 praeferendus?

1424 1214 1443 1241 2
1458 1216 1474 1243 1
1541 1203 1782 1245 Dicendum
1800 1204 1984 1253 videtur,
2000 1205 2118 1262 quod
2136 1207 2263 1248 etiam
2280 1206 2323 1248 in
2335 1205 2420 1248 hoc

1480 1260 1574 1304 casu
1591 1262 1616 1304 s
1604 1277 1637 1304 t
1667 1264 1710 1305 in
1742 1263 1942 1306 libertate
1969 1265 2166 1308 habentis
2198 1264 2427 1309 conferret

1479 1323 1817 1380 Cappellaniam‚
1831 1323 2039 1380 praefatam
2052 1325 2265 1382 praeferre,
2279 1329 2318 1369 δε
2331 1337 2427 1383 grae

1480 1383 1639 1426 tificare
1655 1397 1965 1443 quemcumque
1980 1397 2032 1427 cx
2045 1388 2162 1436 illis,
2189 1387 2289 1430 dum
2305 1391 2426 1429 non-a·

1479 1441 1613 1487 solum
1627 1445 1840 1493 Clericus,
1858 1443 1928 1488 sed
1947 1446 2070 1488 etiam
2093 1447 2245 1489 Laicus
2259 1475 2272 1496 ‚
2287 1448 2425 1490 immo

1483 1503 1659 1547 foemina
1689 1504 1746 1546 est
1774 1507 1905 1562 capax
1935 1505 2163 1550 obtinendi
2190 1506 2424 1565 cappella·-

1485 1565 1593 1606 niam
1611 1565 1724 1606 mere
1745 1565 1973 1615 Lakalem,
1991 1568 2161 1610 Gonzal.
2179 1569 2235 1608 ad
2247 1566 2425 1624 regul-85

1414 1639 1419 1642 ·
1482 1625 1797 1681 Cancell.glr)ſs5.
1815 1639 1946 1666 numa
1956 1631 1997 1668 6.
2015 1627 2216 1682 Amqstaz.
2231 1627 2279 1669 de
2294 1626 2420 1681 causis

1477 1684 1684 1740 piis'libss.
1697 1697 1826 1739 capa.
1845 1699 2042 1737 num.43.,
2058 1691 2098 1729 &
2113 1687 2202 1739 dixi
2222 1684 2428 1744 superius‘

1484 1747 1652 1787 σῆψιν.
1664 1750 1708 1788 V.
1719 1747 1784 1788 VJ.
1800 1749 1885 1786 VII.
1901 1746 1952 1790 &-
1967 1751 2074 1790 Vm.
2087 1747 2175 1801 caſs
2181 1749 2252 1790 [Π.
2266 1749 2352 1789 n.6.

1428 1816 1479 1845 22
1516 1805 1519 1807 ’
1545 1805 1628 1848 Sed
1650 1805 1732 1848 hoc
1753 1819 1837 1849 non
1854 1806 2045 1851 obstante
2069 1805 2223 1851 censeo
2254 1809 2298 1850 in
2330 1807 2426 1850 hoe-

1483 1863 1578 1908 casu
1591 1862 1669 1908 effe
1683 1865 1985 1921 praeferendum
2004 1896 2017 1916 ‚
2042 1871 2081 1911 δι
2100 1866 2426 1927 gratificandum¹

1484 1926 1628 1983 potius
1659 1924 2013 1983 consanguineum
2050 1927 2266 1971 Clericum
2299 1928 2425 1971 Uxoss

1483 1988 1570 2036 ris,
1601 1986 1682 2044 qua
1692 2000 1729 2027 m
1742 1984 2093 2045 consanguineum
2107 1989 2278 2032 Laicum
2291 1988 2425 2031 Mari-³

1427 2058 1478 2099 23
1495 2047 1552 2092 ti·
1566 2047 1761 2088 Clericus
1781 2060 1959 2105 namque
1977 2049 2033 2090 est
2051 2048 2223 2105 dignior
2242 2077 2255 2098 ‚
2274 2052 2312 2092 δε
2334 2059 2422 2090 ma-

1480 2108 1547 2160 jor
1564 2105 1780 2164 quibusvis
1797 2108 1975 2156 Laicis,
1963 2121 2083 2160 juxta
2093 2108 2229 2166 gloffi
2213 2121 2256 2151 tn
2265 2123 2350 2164 cap.
2339 2111 2432 2150 .Se-‘.

1481 2169 1549 2208 des
1565 2169 1611 2208 de
1626 2167 1805 2222 restript.
1834 2169 1948 2210 verb.
1958 2171 2142 2222 Majores
2166 2169 2260 2211 ibi·
2243 2195 2286 2204 -·-
2303 2169 2420 2212 Vide-

1481 2239 1549 2270 tur
1565 2243 1671 2284 ergo,
1687 2228 1794 2283 quod
1793 2239 1868 2281 per
1876 2231 2098 2284 generalem
2120 2229 2332 2283 clausulam
2346 2244 2422 2271 non

1479 2287 1599 2346 poffl‘t
1607 2287 1813 2329 conveniri
1826 2290 2028 2339 Sacerdos,
2042 2289 2116 2331 vel
2128 2288 2298 2331 Clericus
2313 2316 2326 2338 ‚
2336 2289 2424 2330 cum

1482 2348 1623 2403 ipst’sit
1638 2349 1764 2400 major
1778 2347 1947 2402 quolibet
1964 2350 2078 2390 Laico
2093 2375 2136 2383 --
2135 2350 2324 2392 Bellen.
2343 2340 2426 2402 disi>

1483 2406 1613 2465 quisit.
1626 2407 1808 2449 Clerical.
1797 2423 1914 2461 .par.
1924 2422 1959 2450 1.
1977 2414 2015 2457 5.
2027 2424 2063 2451 1.
2074 2424 2138 2451 nu.
2143 2422 2194 2460 4.
2209 2411 2302 2452 cum
2319 2410 2426 2451 Cle-⁵

1485 2470 1643 2510 ricatus
1662 2467 1688 2509 s
1676 2481 1707 2510 t
1723 2468 1939 2525 dignitas,
1957 2469 2143 2522 &major
2158 2471 2242 2512 alio
2255 2467 2423 2511 saecula-

1486 2529 1695 2573 rihonore
1712 2556 1724 2576 2
1743 2541 1833 2585 quae
1857 2530 2060 2572 nobilitat
2074 2527 2296 2582 subjeetum
2310 2558 2325 2579 ,
2353 2529 2421 2572 cui

1484 2587 1702 2631 confertur
1717 2588 1839 2629 Text.
1854 2588 1896 2628 in
1911 2601 1994 2643 cap.
1999 2589 2130 2642 solitae
2145 2587 2202 2631 de
2206 2592 2345 2643 major.
2360 2589 2411 2632 ώ-
2466 2593 2477 2617 ·”-’

1485 2650 1590 2690 obed.
1608 2650 1722 2692 Bald.
1736 2649 1833 2701 cons.
1853 2649 1903 2688 18
1910 2665 1950 2689 0
1968 2664 2073 2691 num.
2095 2662 2135 2702 3.
2154 2662 2195 2691 tn
2198 2649 2287 2704 fine
2300 2650 2360 2692 ibi
2378 2674 2422 2684 --

1483 2715 1643 2752 Certum
1661 2709 1713 2761 est
1729 2707 1921 2751 clericum
1939 2736 1954 2759 ‚
1981 2710 2088 2751 alias
2099 2710 2336 2752 Clericatum
2354 2710 2423 2768 effe
2472 2735 2484 2742 .-

1486 2768 1673 2820 majorem
1685 2769 1946 2821 aliosaecular-i'
1960 2770 2144 2812 honore--
2156 2769 2430 2826 Tiraquellde·

1484 2829 1650 2871 Nobilit.
1663 2841 1746 2883 cap.
1764 2840 1921 2897 9.num.
1939 2841 1978 2881 4.
2019 2830 2232 2889 Adeoque
2259 2830 2422 2871 caeteris

1484 2889 1656 2946 paribus
1683 2889 1878 2934 Clericus
1905 2890 1948 2931 in
1978 2889 2280 2933 consecutione
2305 2891 2423 2946 Gap-

1487 2950 1679 3006 pcllaniae
1701 2948 1812 2992 mere
1836 2949 2015 2991 Laicalis
2044 2962 2193 3007 utpote
2221 2949 2424 3007 dignior,

1487 3014 1527 3053 &
1555 3008 1687 3062 major
1703 3009 1759 3051 est
1778 3008 2062 3065 praeferendus
2091 3010 2218 3053 Laico
2234 3037 2248 3058 ‚
2277 3009 2422 3062 juxta-i

1488 3070 1759 3112 auctoritates
1801 3067 1986 3126 superius
2029 3069 2182 3114 relatas
2220 3069 2304 3123 Cas.
2333 3070 2422 3114 VH*

1488 3142 1650 3171 num-1
2415 3147 2427 3155 ‘

1433 3203 1489 3245 24
1549 3190 1617 3231 Sic
1634 3188 1808 3247 quando
1824 3186 1958 3231 sermo
1977 3190 2034 3232 est
2059 3190 2112 3231 de
2141 3189 2322 3231 Clericis
2339 3217 2352 3237 ‚
2383 3191 2424 3230 &

1489 3249 1629 3291 Laicis
1645 3277 1657 3296 ,
1688 3249 1850 3293 Clerici
1876 3247 2036 3307 semper
2061 3264 2112 3292 ex
2128 3249 2263 3291 Sacris
2281 3248 2424 3290 Cano-³

1492 3311 1613 3352 nibus
1631 3338 1644 3358 ‚
1677 3313 1717 3352 δε
1749 3322 1800 3350 ex
1831 3309 1936 3365 stylo
1974 3310 2115 3353 Curiae
2148 3307 2423 3365 praeferuntur

1492 3369 1629 3411 Laicis
1647 3397 1661 3438 .’
1678 3380 1723 3410 ut
1739 3381 1858 3425 patet
1877 3369 1919 3411 in
1944 3381 2027 3423 cap.
2029 3369 2285 3426 significavit
2300 3368 2423 3409 dere-

1480 3429 1625 3483 script.
1639 3430 1681 3470 in
1695 3441 1778 3484 cap.
1802 3428 1976 3484 qualiter
1993 3430 2040 3471 de
2054 3428 2194 3478 elecffi,
2223 3428 2303 3472 (γ’
2289 3441 2329 3468 tn
2342 3440 2424 3480 cap.

1496 3489 1680 3547 ‘'Joannes
1697 3491 1744 3531 de
1759 3489 1995 3542 ttstament.
1986 3518 2022 3538 .,
2049 3490 2197 3549 ibique
2227 3488 2430 3533 testa-ntur

2350 3546 2427 3587 Fa·
2488 3579 2496 3588 .
