2456 3802
294 157 338 234 ”5
351 170 435 214 02

284 266 449 310 tionem
464 266 663 307 timentes
680 264 1007 312 melius,vivunt
1020 261 1256 321 meliusque

282 326 477 369 Ecclefiae
499 323 735 367 inserviunt
754 327 919 375 Navar.
939 323 1082 376 cons.9.
1097 324 1144 365 de
1162 323 1256 377 offi'c.

288 389 414 430 ordin.
445 386 615 427 Ganzal.
648 384 855 440 adqRegul.
875 385 915 423 8.
946 383 1061 443 Gloffi
1083 396 1120 433 5.
1155 388 1195 431 §.
1215 389 1256 424 6.

290 463 395 491 num.
414 451 488 487 62.
516 446 606 487 Alii
629 445 733 488 vero
752 446 1016 487 contrarium
1040 443 1258 486 firmarunt

289 508 411 551 Card.
432 508 479 548 de
494 510 587 547 Luc.
601 506 648 547 de
663 505 858 564 ‘’Jurepat.
872 505 963 558 disc.
981 516 1047 555 15.
1060 519 1164 546 num.
1185 518 1201 544 1
1219 518 1253 545 1.

292 572 380 611 Sac.
398 578 532 609 tamen
550 570 670 623 Cong.
689 565 855 609 Cancilii
870 565 912 607 in
929 565 1144 607 Ferentina
1159 570 1259 618 Cap-

286 627 468 685 pellaniae
489 641 506 668 1
520 641 557 668 1.
575 626 721 681 Aprilis
744 627 871 678 1683.
885 624 1148 668 Definivitin
1166 627 1257 666 adiu

294 689 601 732 Redotationis
619 717 631 736 ,
660 699 730 729 aut
745 686 1107 742 augmentationis
1126 685 1258 727 Dotis

295 748 499 793 Beneficii
519 745 632 804 posse
652 760 704 788 ex
726 746 959 788 intervallo
978 746 1136 802 apponi
1155 758 1260 787 con-

297 811 512 853 ditionem
529 806 812 849 manualitatis
833 834 844 846 .

357 874 519 924 Qarta
531 866 730 909 conditio
748 895 761 915 ,
790 880 873 924 qua
891 866 1090 908 eximitur
1107 867 1259 909 Restor

302 927 504 972 Beneficii
518 928 570 969 ab
591 928 859 983 obligatione
882 927 1090 969 recitandi
1106 925 1261 970 dietum

303 990 488 1034 officium
506 1017 521 1037 ,
540 992 580 1031 δι
593 986 726 1029 solum
745 987 964 1045 obligatur
979 987 1030 1029 ad
1050 986 1262 1029 officium..-

303 1064 478 1109 parvum
492 1049 838 1104 B.Virginis,non
852 1048 908 1089 est
920 1061 1069 1090 contra
1084 1045 1265 1089 substan-

306 1113 408 1154 tiam
423 1107 625 1152 Beneficii
643 1137 657 1157 ‚
690 1109 789 1166 quia
807 1122 893 1150 non
911 1108 966 1149 est
987 1109 1041 1149 de
1060 1107 1181 1160 hujus
1199 1119 1265 1148 ra-

305 1173 426 1214 tione
441 1200 455 1220 ,
485 1169 603 1227 quod
632 1168 757 1212 detur
788 1169 1071 1211 determinate
1089 1179 1264 1224 propter

309 1233 468 1274 dietum
500 1228 685 1272 officium
722 1258 736 1279 ,
781 1232 901 1287 quod
935 1228 1263 1284 comprehendit

309 1306 418 1335 onus
436 1291 644 1333 recitandi
661 1291 788 1332 horas
801 1286 1133 1337 Canonicas,sed
1150 1286 1267 1346 quod

310 1353 437 1395 detur
456 1363 632 1408 propter
666 1351 823 1393 Divina
851 1349 1118 1403 officiajuxta
1143 1349 1266 1392 Text.

310 1412 352 1454 in
371 1426 456 1468 cap.
469 1411 629 1471 conceffi)
655 1426 670 1452 1
683 1425 721 1452 2.
739 1411 868 1467 quaest.
894 1425 931 1451 2.
949 1439 962 1459 ,
994 1410 1044 1453 (θ’
1059 1422 1141 1465 cap.
1153 1422 1268 1466 gene-

313 1474 455 1516 raliter
466 1488 481 1514 1
492 1481 531 1518 6.
548 1472 688 1527 quiesi.
699 1486 714 1512 1
723 1502 734 1513 .
750 1470 995 1514 Lambertin.
1013 1471 1061 1512 de
1072 1472 1266 1531 ‘Jurepat-

314 1535 383 1576 lib.
406 1548 446 1574 2.
473 1545 566 1588 par.
589 1547 624 1574 1.
655 1531 795 1589 quaefi.
827 1547 866 1581 9.
886 1541 980 1573 art.
997 1545 1040 1584 4.
1072 1546 1174 1573 num.
1200 1530 1267 1578 8.,

315 1595 444 1636 Unde
479 1592 624 1636 sufficit
657 1595 710 1636 ad
739 1591 1004 1635 substantiam
1037 1589 1238 1635 Beneficii
1254 1619 1268 1638 ‚

314 1655 435 1713 quod
453 1654 607 1696 habeat
635 1667 842 1695 annexum
863 1652 1041 1708 aliquod
1057 1650 1239 1694 officium
1257 1679 1271 1699 ,

316 1715 386 1758 seu
405 1715 582 1771 aliquod
601 1728 748 1756 munus
766 1711 978 1769 spirituale
995 1740 1008 1760 ,
1024 1712 1085 1754 uti
1106 1712 1162 1753 est
1181 1710 1272 1754 offi-

318 1778 429 1818 cium
441 1776 578 1816 Beatae
591 1775 779 1833 Virginis
796 1802 806 1813 .
819 1773 1182 1830 Qandoquidem
1199 1769 1272 1813 sub

320 1836 494 1879 nornine
511 1832 638 1877 officii
656 1863 669 1884 ‚
703 1834 755 1876 de
773 1848 861 1891 quo
878 1831 925 1874 fit
942 1833 1105 1874 mentio
1122 1834 1164 1873 in
1177 1836 1271 1886 Cap.

306 1898 388 1953 fin.
410 1896 457 1936 de
472 1895 650 1949 nescript.
677 1894 718 1934 in
733 1899 774 1934 6.
791 1923 805 1942 ‚
838 1907 923 1936 non
939 1893 1059 1935 venit
1075 1893 1272 1935 recitatio

320 1957 538 1998 dumtaxat
578 1957 774 1998 horarum
804 1954 1116 1996 Canonicarum
1145 1981 1158 2002 ‚
1202 1949 1274 1994 sed

320 2016 627 2075 quodcumque
652 2029 801 2057 munus
817 2014 1044 2072 Spirituale
1059 2043 1072 2062 ,
1102 2027 1148 2056 ut
1165 2014 1276 2070 opti-

321 2090 389 2120 me
404 2078 571 2117 Suarez.
601 2077 648 2117 de
665 2077 793 2133 Relig.
808 2079 852 2117 C.
874 2089 888 2115 1
901 2077 940 2116 8.
970 2075 1016 2115 de
1032 2074 1191 2132 obligat.
1207 2088 1275 2115 re-

322 2137 473 2180 citand.
487 2136 582 2191 offic.
599 2151 651 2179 ex
673 2136 723 2177 vi
738 2135 920 2191 Beneficii
935 2148 1040 2175 num.
1058 2147 1098 2186 3.

382 2198 542 2256 Qinta
554 2198 748 2240 conditio
765 2226 778 2246 ,
795 2210 877 2254 qua
894 2195 1214 2242 determinatur,
1229 2206 1276 2236 ut

323 2256 605 2300 Beneficiatus
618 2256 837 2300 satisfaetis
852 2257 1071 2303 oneribus,
1088 2254 1207 2312 poliit
1223 2255 1276 2296 de

325 2317 531 2360 fructibus
562 2318 893 2360 exuberantibus
919 2315 1118 2358 Beneficii
1135 2313 1277 2373 dispo-

327 2391 427 2419 nere
442 2406 455 2426 ,
486 2390 533 2418 ac
550 2376 578 2418 fi
593 2376 722 2421 essent
750 2376 903 2419 fruetus
927 2375 1247 2418 Patrimoniales
1264 2404 1277 2424 ,

327 2451 412 2480 non
425 2437 481 2479 est
496 2450 646 2480 contra
663 2436 931 2480 substantiam
946 2435 1146 2478 Beneficii
1163 2464 1176 2482 ,
1209 2434 1280 2479 sed

329 2499 565 2553 contraJus
578 2527 592 2547 ‚
607 2513 695 2556 quo
712 2495 950 2554 disponitur
966 2525 980 2545 ,
1012 2497 1130 2554 quod
1147 2499 1282 2539 Bene-

328 2558 493 2600 ficiatus
523 2557 575 2600 dc
602 2558 803 2600 frmitibus
835 2557 1165 2600 exuberantibus
1201 2570 1282 2599 tra-

329 2620 432 2661 dere
445 2617 602 2660 debeat
617 2618 877 2675 Pauperibus
894 2647 907 2666 ,
923 2631 999 2659 nec
1017 2631 1067 2658 ex
1085 2632 1137 2660 eo
1151 2646 1162 2665 ‚
1182 2619 1283 2676 quia

329 2678 378 2721 fit
404 2680 641 2740 contraJus
675 2681 791 2722 venit
807 2677 1087 2734 improbanda
1109 2707 1123 2727 ,
1157 2680 1280 2736 quia,

328 2739 544 2782 Fundator
557 2741 601 2781 in
622 2738 873 2781 fundatione
887 2736 1191 2781 Beneficiorum
1209 2753 1286 2794 po-

331 2803 409 2844 test
425 2814 637 2856 apponere
657 2800 932 2843 conditiones
956 2809 1043 2840 non
1059 2797 1191 2841 solum
1210 2812 1283 2839 ex-

331 2873 395 2902 tra
408 2888 421 2908 ‚
442 2857 511 2903 sed
523 2872 672 2917 praeter
690 2889 702 2909 ‚
717 2865 757 2902 δε
774 2861 899 2902 etiam
915 2861 1146 2915 contraJus
1166 2873 1284 2901 com-

331 2933 474 2963 mune.
490 2920 731 2963 Lambertin.
746 2921 792 2962 de
804 2920 994 2979 ⁶Jurepat.
1010 2918 1076 2960 lib.
1100 2933 1114 2958 1
1125 2948 1134 2959 .
1145 2931 1282 2973 par.1.

334 2995 401 3038 qu.
425 2994 466 3030 9.
490 2991 573 3022 art.
591 2995 631 3034 3.
655 2996 761 3023 num.
783 2993 876 3030 14.‚
919 2977 1047 3022 &liin
1068 2992 1106 3019 2.
1131 2992 1223 3034 par.
1244 2993 1282 3019 2.

332 3041 462 3097 quaest.
484 3055 518 3082 1.
532 3053 617 3084 art.
630 3054 671 3091 7.
686 3056 791 3083 num.
813 3055 851 3080 2.
865 3039 988 3082 Text.
1003 3039 1044 3080 in
1061 3052 1144 3094 cap.
1160 3054 1283 3082 cum-..2

338 3101 519 3143 Dilec‘ius
533 3102 581 3143 de
601 3102 820 3155 consuetud.
847 3100 975 3156 ibique
990 3099 1106 3159 Gloffi
1119 3099 1160 3142 in
1171 3101 1284 3142 verb.

305 3160 536 3212 6statutum
557 3190 569 3201 .
597 3163 650 3203 Et
681 3162 798 3204 ficuti
830 3159 1032 3203 fundator
1059 3162 1102 3203 in
1117 3161 1281 3203 limine)
1306 3176 1311 3189 *

339 3217 603 3264 fundationis
650 3225 788 3278 potest
815 3235 1028 3277 apponere
1065 3221 1284 3263 conditio-

338 3291 432 3319 nem
450 3306 463 3326 ,
476 3282 593 3335 quod
606 3277 759 3327 fruetus
772 3280 970 3324 Beneficii
985 3293 1070 3322 tam
1087 3279 1285 3324 sufficien-

338 3350 404 3379 tes
436 3338 489 3378 ad
504 3336 839 3384 sustentationem
859 3370 872 3390 ,
907 3341 1032 3398 quam
1050 3343 1284 3383 exuberan-

339 3409 405 3439 tes
434 3399 528 3439 cum
560 3401 728 3441 vacabit
757 3398 851 3443 suos
883 3401 1008 3442 faciat
1039 3402 1284 3443 Lambertin.

340 3458 553 3514 lib.1.par.
578 3471 614 3499 1.
629 3460 800 3515 quaest.9.
815 3472 897 3503 art.
918 3473 1073 3503 unum.
1095 3475 1111 3513 5
1123 3461 1205 3515 351⁴
1200 3474 1287 3515 ext.

647 146 1142 213 Comm'entaria
1175 146 1258 212 ad
1292 146 1574 236 fingu'los
1605 153 1909 219 Canones

1374 265 1416 306 in
1437 278 1520 321 cap.
1538 266 1745 309 Generalis
1768 268 1815 308 de
1831 266 1941 308 eleli‘.
1963 264 2004 309 in
2030 266 2193 325 6.·ib1'q.
2216 263 2335 328 Gioff.

1375 325 1491 367 verb.
1495 326 1741 380 fundatione
1757 355 1770 374 ‚
1802 326 1852 370 ὼ
1867 327 1991 370 Text.
2008 327 2050 368 in
2076 341 2160 384 cap.
2176 329 2337 372 Eleute-

1376 385 1461 426 rius
1483 388 1549 427 18.
1583 401 1650 443 qu.
1666 400 1703 428 2.
1729 389 1833 430 Non
1851 388 2042 430 obstante
2063 417 2076 437 ‚
2109 389 2228 446 quod
2244 385 2336 447 post

1375 444 1598 488 fundatum
1625 446 1882 490 Beneficium
1900 477 1912 497 ‚
1943 445 2127 502 ejusdem
2143 449 2224 493 dos
2249 450 2338 493 unat

1376 506 1683 552 cumfruecibus
1714 510 1814 551 Deo
1839 508 1998 551 donata
2014 510 2208 560 dicatur,
2238 509 2335 552 fiat-

1378 581 1463 624 que
1481 569 1784 625 Patrimonium
1813 570 2045 626 Pauperum
2061 599 2074 619 ‚
2103 573 2165 613 ita
2179 571 2336 613 etiam-s

1376 627 1460 669 hoc
1478 642 1563 670 non
1595 629 1788 672 obstante
1812 631 1973 685 poterit
1998 644 2214 688 apponere
2229 644 2338 674 con-

1377 687 1586 730 ditionem
1618 718 1633 738 ,
1665 690 1719 731 de
1750 687 1954 732 consensu
1994 703 2136 733 tamen
2177 692 2335 734 Summi

1376 747 1625 799 Pontificis,
1658 750 1777 807 quod
1810 749 2090 793 Beneficiatus
2124 751 2178 793 de
2192 749 2338 794 fructi-

1376 808 1456 849 bus
1490 809 1819 852 exuberantibus
1851 810 1972 867 poffit
2003 809 2258 867 disponere,
2285 825 2337 854 ac

1377 867 1405 909 fi
1437 866 1565 911 essent
1605 870 1759 912 fructus
1800 872 2125 913 patrimoniales
2167 872 2338 915 Gonzat.

1377 928 1418 969 in
1465 942 1547 984 cap.
1592 933 1694 992 Qae
1719 930 1761 971 in
1793 931 2048 988 Ecclefiarum
2091 933 2140 975 de
2171 931 2331 986 Corstit.

1378 1001 1483 1031 num.
1507 1001 1575 1040 15.
2094 1025 2098 1031 .

1444 1050 1571 1092 Sexta
1601 1051 1799 1094 conditio
1817 1053 1943 1094 etiam
1963 1053 2081 1095 venit
2097 1052 2340 1110 approban-

1385 1109 1439 1151 da
1453 1139 1465 1157 ,
1486 1113 1587 1168 quia
1605 1111 1708 1155 licet
1722 1113 1864 1169 pueris
1877 1112 2162 1156 Ecclefiastica
2173 1111 2342 1159 Benefi-

1387 1171 1453 1212 cia
1469 1170 1655 1213 conferri
1671 1174 1750 1228 Jus
1771 1173 1997 1228 prohibeat
2012 1202 2025 1223 ³
2057 1186 2197 1216 tamen
2214 1173 2341 1231 quia,

1388 1231 1629 1286 prohibitio
1665 1233 1721 1274 est
1735 1234 1949 1275 variabilis
1971 1262 1984 1282 a
2010 1235 2145 1277 veluti
2177 1234 2201 1278 a
2218 1247 2341 1278 meto

1379 1292 1485 1347 Jure
1510 1291 1692 1348 positivo
1724 1293 2004 1351 dependens,
2035 1294 2262 1338 toleranda
2284 1293 2344 1337 est

1389 1352 1459 1393 lex
1476 1351 1741 1396 fundationis
1757 1381 1770 1402 a
1790 1368 1874 1412 qua
1891 1354 2110 1397 mandatur
2126 1355 2347 1397 meritum

1389 1408 1548 1468 septem
1589 1427 1791 1456 annorum
1834 1415 1987 1456 institui
2022 1417 2066 1457 in
2096 1414 2309 1458 Beneficio
2326 1441 2347 1465 2

1392 1474 1513 1528 quod
1534 1472 1744 1530 procedit
1763 1477 1806 1515 in
1825 1474 2075 1518 fortioribus
2107 1476 2302 1518 terminis
2327 1503 2344 1524 ,

1390 1530 1553 1576 scilicet
1578 1536 1706 1576 etiam
1735 1533 1761 1575 fi
1785 1533 1993 1577 fundator-
2019 1535 2123 1578 alias
2149 1533 2344 1584 voluisset

1391 1593 1647 1636 Beneficium
1665 1592 1743 1636 effe
1759 1595 2035 1637 sacerdotale
2051 1625 2064 1645 ‚
2082 1597 2182 1638 utin
2202 1596 2346 1638 termi-

1394 1654 1458 1694 nis
1493 1659 1645 1697 Lotter.
1663 1656 1710 1696 de
1724 1670 1768 1695 re
1781 1655 1939 1711 benefic.
1966 1655 2033 1698 lib.
2058 1669 2094 1696 1.
2124 1655 2255 1712 quast.
2273 1667 2346 1707 32.

1392 1728 1497 1756 num.
1514 1729 1608 1768 34„
1629 1714 1770 1771 &stq.
2201 1759 2206 1764 ,
2341 1742 2343 1747 ν

1455 1775 1643 1831 Septima
1674 1775 1870 1817 conditio
1905 1805 1918 1825 ‚
1948 1790 2032 1835 qua
2060 1778 2347 1833 prohibentur.

1395 1832 1637 1878 affeetiones
1655 1863 1668 1883 ,
1685 1832 1993 1886 reservationcs
2012 1865 2026 1886 ,
2041 1841 2081 1880 &
2096 1837 2349 1881 devolutio-

1397 1910 1471 1938 nes
1488 1895 1688 1939 Beneficii
1708 1896 1763 1937 est
1779 1897 2052 1953 approbanda
2069 1926 2082 1946 ‚
2096 1899 2193 1956 quia
2205 1897 2346 1955 potest

1395 1957 1610 1999 Fundator
1640 1970 1855 2012 apponere
1874 1955 2111 2009 hujusmodi
2129 1958 2349 2000 conditio-

1396 2031 1490 2059 nem
1509 2047 1522 2066 ,
1555 2021 1595 2060 &
1611 2017 1839 2059 excludere
1870 2016 2193 2060 Reservationes
2227 2019 2350 2074 Apo·-

1397 2078 1595 2126 stolicas,
1626 2090 1711 2119 non
1731 2076 1862 2119 solum
1892 2076 2086 2135 expresse
2114 2108 2128 2128 ,
2165 2090 2209 2120 ut
2225 2088 2348 2120 tenet
2424 2092 2456 2134 ἱ,

1397 2142 1500 2181 Rota
1511 2139 1618 2192 apud
1632 2137 1796 2179 Vivian.
1808 2138 1874 2179 lib.
1890 2151 1930 2190 4.
1946 2151 2029 2194 cap.
2045 2153 2086 2189 9.
2094 2137 2189 2192 pqst.
2205 2141 2350 2188 nu.56i
2376 2172 2380 2175 ,
2424 2142 2456 2196 ¹!

1400 2204 1439 2246 §.
1457 2202 1510 2241 Et
1523 2199 1629 2253 quod
1640 2201 1777 2253 nonsit
1790 2209 1903 2253 turpe
1919 2227 1931 2247 ,
1948 2201 1997 2242 ὠ·
2014 2200 2127 2254 deciss
2145 2204 2291 2252 476.n.
2309 2210 2349 2238 1.
2429 2190 2432 2200 ¹
2454 2199 2456 2215 ¹

1392 2271 1485 2315 par.
1506 2272 1572 2309 19.
1603 2272 1679 2299 rec.
1695 2287 1709 2306 ‚
1732 2258 1780 2301 ὅ)
1808 2259 1850 2299 in
1863 2264 2042 2300 Parmen.
2071 2258 2262 2314 Beneficii*
2277 2259 2350 2299 28.

1398 2319 1580 2378 ‘Januam
1602 2330 1729 2370 1702.
1748 2323 1786 2366 §.
1816 2324 1867 2360 At
1882 2320 2037 2374 quando
2051 2334 2180 2361 eorum
2195 2316 2351 2362 R.P.D.
2429 2335 2456 2375 χ’.

1398 2379 1567 2432 Ansaldo
1582 2407 1596 2427 ,
1618 2377 1667 2421 ὁ*
1683 2392 1751 2430 27.
1765 2379 1888 2435 “Junii
1909 2393 1923 2419 1
1935 2391 2034 2431 703.
2052 2384 2091 2427 §.
2111 2379 2352 2441 Qoniam
2413 2373 2456 2427 '³2

1403 2454 1532 2482 coram
1547 2439 1606 2480 bo.
1620 2453 1734 2481 mem.
1753 2439 1925 2480 Molines
1941 2468 1954 2489 ‚
1966 2438 2015 2482 ἐφ’
2033 2439 2074 2480 in
2084 2439 2352 2481 Tarraconen.
2418 2456 2456 2487 3

1402 2499 1587 2555 Beneficii
1617 2508 1634 2540 1
1647 2513 1682 2539 1.
1711 2499 1860 2554 Aprilis
1890 2513 1906 2539 1
1918 2513 1967 2550 71
1979 2514 2017 2540 2.
2043 2505 2080 2548 §-
2098 2500 2274 2556 Exclufi'o
2289 2513 2355 2540 co·
2424 2485 2449 2510 '²

1404 2574 1495 2602 ram
1516 2562 1669 2602 R.P.D.
1685 2563 1879 2602 Lancetta
1896 2578 1906 2607 ;
1926 2561 2070 2603 verum
2086 2562 2210 2603 etiam
2226 2558 2355 2602 tacite
2429 2568 2448 2591 Ν

1405 2633 1480 2676 ptr
1521 2620 1786 2663 voluntatem
1828 2619 2064 2677 desumptas
2100 2649 2113 2670 ‚
2156 2635 2211 2663 ex
2253 2632 2358 2662 con-
2426 2635 2427 2638 ¹

1406 2681 1574 2735 jecturis
1610 2709 1623 2729 ,
1654 2684 1694 2723 &
1724 2678 2120 2737 praesumptionibus
2148 2699 2160 2727 ;
2189 2695 2228 2722 e.
2254 2694 2296 2736 g.
2324 2677 2358 2727 fi,
2428 2681 2445 2731 fi.

1406 2740 1493 2798 ipse
1517 2740 1717 2784 fundator
1733 2771 1746 2790 ,
1777 2752 1847 2782 aut
1864 2742 1969 2784 alius
2002 2741 2356 2784 Patronuslaicus

1409 2799 1641 2844 reservaret
1677 2798 2002 2858 Juspatronatus
2047 2800 2232 2846 Personae
2272 2801 2354 2842 Ec-

1409 2860 1640 2904 clefiasticae
1658 2890 1670 2911 ‚
1687 2862 1839 2904 eodem
1859 2863 1989 2905 modo
2010 2876 2155 2904 natura
2172 2891 2185 2911 ‚
2201 2866 2240 2904 &
2253 2872 2357 2918 qua-

1410 2923 1532 2963 litate
1549 2935 1673 2979 quam
1685 2922 1870 2963 habebat
1886 2921 1971 2977 ipse
1985 2924 2190 2966 Patronus
2206 2923 2354 2965 Laicus

1411 2993 1511 3023 tunc
1543 2996 1629 3024 non
1659 2983 1862 3023 intrarent
1885 2980 2211 3026 Reservationes
2227 2982 2350 3037 Apo-

1409 3042 1562 3083 stolicae
1576 3070 1589 3091 ,
1603 3044 1702 3099 quia
1717 3039 1802 3098 ipse
1822 3044 2034 3094 diceretur
2049 3040 2288 3091 voluiffe‚ut
2304 3040 2350 3082 in

1411 3099 1590 3144 Persona
1606 3101 1884 3144 Ecclefiastica
1907 3099 2356 3160 substitutaJusp'atro-

1411 3174 1533 3212 natus
1549 3191 1562 3211 ,
1588 3164 1701 3204 circa
1716 3163 1887 3205 modum
1905 3164 2012 3205 illud
2025 3161 2276 3207 exercendi,
2292 3173 2359 3202 re·

1411 3224 1566 3264 tineret
1592 3235 1778 3264 naturam
1809 3225 2017 3266 Laicalem
2034 3253 2048 3273 ‚
2080 3221 2253 3280 perinde
2271 3217 2360 3262 acfi

1412 3284 1592 3332 viveret,
1605 3287 1645 3327 &
1660 3282 1926 3339 praesentaret
1938 3283 2025 3340 ipse
2042 3285 2244 3324 Patronus
2261 3281 2357 3322 Lai-
2391 3315 2400 3318 ⁷.
2430 3291 2431 3294 ’

1412 3343 1622 3386 cusRot.in
1635 3347 1811 3385 Romana
1825 3344 2025 3403 ‘Jurispatz
2030 3355 2051 3393 3
2064 3341 2214 3394 1.Ma1‘i
2230 3355 2244 3381 1
2255 3346 2279 3381 6
2291 3354 2306 3381 r
2315 3353 2356 3394 3.

1413 3418 1543 3443 coram
1558 3410 1722 3447 Sacrato
1736 3404 1901 3463 impreſjl
1915 3404 2022 3458 apud
2033 3402 2196 3444 Vivian.
2206 3414 2301 3457 par.
2320 3413 2359 3442 ι.

1412 3463 1479 3505 lib.
1493 3475 1533 3514 4.
1565 3476 1647 3518 cap.
1661 3477 1701 3513 9.
1720 3464 1809 3517 sub.
1838 3462 1944 3517 nu'm.
1965 3467 2033 3513 56.
2066 3465 2161 3506 Nec
2194 3461 2364 3563 obstat}
2426 3534 2428 3536 V

2243 3535 2330 3579 quo
