2456 3802
348 214 471 276 552

297 380 350 409 ne
364 368 576 424 Praepofiti
589 367 799 412 saecularis
817 367 914 419 ,sub
933 385 1018 429 qua
1035 372 1246 426 gratiam,

295 428 590 483 Apostolicam
604 431 907 486 impetraverat
924 446 1002 488 pro
1021 429 1248 474 Praesenta-

295 497 345 529 to
370 501 465 531 cum
482 491 771 547 derogatione
797 492 974 534 alterius
999 492 1246 534 medietatis

294 562 467 598 vocum;
484 563 612 610 prout
629 551 745 594 idem
759 549 968 595 serv-atum
985 552 1064 595 fuit
1078 554 1121 595 in
1137 568 1244 610 prae-

294 613 469 654 cedenti
504 614 655 655 ultimo
686 613 790 655 statu
815 642 830 662 ‚
861 625 907 655 ut
923 611 1044 670 supra
1060 613 1141 656 fuit
1161 615 1249 656 ani-

293 671 560 717 madversum
577 691 588 721 ς
606 673 738 732 Qod
754 686 896 715 autem
917 687 1002 716 tam
1016 687 1179 716 certum
1193 675 1250 717 est

291 739 338 780 in
356 737 447 791 jure
465 764 478 786 ‚
507 749 635 793 quam
653 734 774 792 quod
790 748 868 790 pro
887 736 1069 777 veritate
1088 735 1247 777 debeat

291 799 442 844 haberi
474 797 518 838 id
546 795 667 852 quod
699 807 787 836 non
816 793 1086 838 observatum
1115 793 1249 838 solum

289 860 452 918 pluries
469 855 549 898 fuit
565 884 578 904 ‚
607 853 739 897 sedin
756 855 1092 898 contradictorio
1111 869 1251 899 certa-

290 921 403 963 mine
418 913 651 972 judicatum
671 917 800 958 etiam
818 918 1060 972 reperitur?
1079 931 1152 973 per
1173 931 1246 966 ea,

289 993 385 1039 quae
401 978 533 1022 tradit
547 981 655 1020 Rota
681 976 723 1018 in
743 976 1013 1021 Mediolanen.
1038 978 1251 1023 Prioratus

282 1042 407 1097 super
432 1038 635 1096 qualitate
660 1038 865 1094 agnatitia
885 1039 952 1080 18.
970 1038 1092 1097 {Junii
1122 1051 1250 1092 1703.

293 1107 337 1150 §.
351 1107 511 1145 Omnem
526 1114 658 1141 coram
674 1102 722 1140 R.
742 1103 785 1138 P.
800 1103 855 1140 D.
870 1113 951 1140 meo
965 1102 1095 1141 Scotto
1110 1127 1125 1148 ‚
1142 1098 1191 1142 &⁴
1206 1100 1249 1139 in

292 1164 518 1216 Casertana
550 1159 738 1215 Beneficii
763 1173 826 1211 13.
860 1159 1090 1201 Decembris
1119 1173 1248 1211 1709.

293 1228 334 1272 §-
349 1226 487 1278 Neque
501 1235 636 1262 coram
651 1220 978 1277 Reverendiffl'mo
994 1221 1180 1264 Kaunitz
1195 1250 1207 1262 .

351 1283 504 1340 Spreta
520 1295 692 1339 prorsus
708 1282 925 1323 contraria
948 1279 1218 1325 observantia
1233 1309 1247 1330 ‚

291 1357 384 1403 quae
417 1343 553 1386 minus
581 1341 761 1395 juridice
790 1341 1078 1397 colligebatur
1115 1341 1249 1384 exad-

290 1402 414 1450 verso
431 1404 455 1447 ἒι
470 1404 662 1461 pluribus
680 1403 838 1445 aCtibus
857 1400 994 1445 rursus
1023 1405 1248 1458 repetitis5

288 1465 498 1524 siquidem
514 1467 639 1510 status
654 1464 752 1505 anni
774 1465 852 1515 148
865 1477 900 1503 1.
917 1462 1079 1505 tametsi
1094 1461 1246 1519 praese-

287 1525 400 1570 ferat
446 1525 714 1582 Praepofitum
748 1521 1005 1580 praesentasse
1038 1525 1118 1566 una
1150 1538 1246 1567 cum

289 1587 472 1635 vicinis,
504 1587 642 1629 adhuc
660 1585 822 1628 indicat
845 1587 970 1627 etiam
989 1584 1106 1642 quod
1138 1583 1246 1641 ipseo

290 1647 636 1694 contradistinne
654 1645 808 1688 abistis
821 1657 1001 1688 vocatur
1019 1647 1244 1696 Patronus,

291 1713 333 1753 δι
349 1708 470 1751 fimili
485 1709 617 1753 modo
644 1707 926 1750 nominaverit
954 1707 1122 1748 Paulum
1140 1709 1245 1749 della

286 1769 420 1828 Fxffn
441 1768 565 1810 Alter
581 1770 678 1810 anni
697 1772 825 1818 1564.
844 1781 928 1809 non
947 1767 1102 1823 probat
1117 1770 1248 1811 inter-

287 1840 466 1879 ventum
497 1827 712 1884 Praepofiti
739 1827 958 1869 Saecularis
979 1858 992 1877 ‚
1027 1826 1098 1871 sed
1114 1826 1244 1872 solius

290 1889 525 1931 Guardiani
554 1887 755 1944 Religion
775 1917 788 1937 ,
819 1902 946 1946 quem
962 1889 1245 1932 intervenire,

291 1947 552 1994 consuevisse
577 1951 638 1991 uti
657 1961 783 2004 caput
801 1978 814 1998 ,
844 1953 976 2005 &pro
1009 1949 1099 1992 sola
1130 1950 1245 1994 dire-

289 2013 431 2055 &ione
445 2039 458 2058 ‚
475 2011 529 2052 de
548 2025 630 2068 qua
647 2008 784 2052 sermo
802 2012 985 2052 habetur
1003 2012 1045 2052 in
1063 2011 1245 2067 decisione

287 2077 444 2116 R.1>.D.
462 2071 539 2113 mei
556 2077 749 2113 Lancettae
774 2077 812 2118 §.
831 2078 908 2113 Aut
924 2071 1123 2126 allegatur
1138 2089 1149 2118 ;
1167 2073 1247 2114 Al-

286 2143 353 2175 ter
373 2134 475 2174 anni
494 2134 621 2182 1698.
643 2131 835 2174 remanfit
851 2131 934 2174 fine
947 2130 1093 2174 effectu
1116 2161 1129 2181 ‚
1145 2135 1246 2190 quia

289 2205 390 2237 tunc
419 2207 501 2249 per
520 2195 787 2235 vacationem
818 2194 860 2234 in
891 2194 1022 2234 Curia
1054 2191 1135 2235 fuit
1167 2193 1243 2235 de)

289 2253 575 2310 Cappellania
615 2252 809 2311 provisus
830 2256 1022 2312 Joannes
1059 2254 1245 2298 Carolus

288 2314 406 2357 della
422 2317 608 2361 Porta5&
623 2315 793 2357 tandem
808 2316 979 2357 ultimus
994 2315 1090 2358 anni
1114 2328 1130 2355 1
1141 2328 1223 2366 703
1234 2343 1245 2355 .

287 2371 768 2432 apprime'r'etorquetur
784 2404 796 2424 ‚
808 2376 906 2432 quia
918 2377 960 2416 in
975 2389 1027 2417 eo
1045 2374 1242 2432 Praepofi-

292 2443 378 2478 tus'
399 2435 625 2477 ‘Saecularis
659 2433 1022 2491 praesentationem
1072 2438 1239 2492 peregit

285 2509 365 2553 pro
381 2496 551 2551 integra
569 2492 637 2537 sua
657 2495 886 2538 medietate
905 2493 1069 2538 seorfim
1091 2495 1113 2537 a
1132 2498 1241 2539 vici-

287 2556 448 2617 ni35qui
466 2556 550 2598 unit
566 2570 658 2597 cum
674 2557 891 2612 Superiori
910 2554 1129 2612 Religioso
1144 2558 1243 2600 col-

286 2612 507 2674 legialiter
542 2614 894 2673 praesentaverant
923 2634 934 2658 ε
965 2619 1239 2673 Qapropter

286 2691 518 2725 nemo-non
529 2675 726 2732 agnoscit
743 2707 756 2725 ,
791 2691 916 2734 quam
934 2691 1079 2733 parum
1107 2676 1242 2720 fiden-

284 2738 385 2780 dum
406 2736 454 2778 fit
470 2739 716 2780 memoratis
740 2739 902 2780 acribus
918 2752 995 2792 pro
1017 2735 1241 2781 efforman-

285 2797 464 2858 daquafi
482 2796 725 2854 posseffione
745 2796 1019 2854 praesentandi
1037 2812 1113 2854 pro
1132 2812 1241 2856 qua.)

289 2859 547 2901 documenta
563 2859 672 2902 adeo
703 2860 839 2901 nitida
864 2859 1136 2916 requiruntur
1152 2887 1165 2908 ‚
1194 2871 1240 2900 ut

288 2921 348 2962 nil
365 2920 536 2976 penitus
550 2921 610 2960 eis
634 2919 765 2971 objici
783 2919 901 2976 poffit
919 2920 1035 2972 juxta
1053 2920 1242 2961 elemen-

284 2993 415 3022 tarem
433 2979 766 3036 propositionem
783 3009 796 3028 ‚
834 2980 887 3021 de
905 2993 989 3036 qua
1005 2982 1108 3020 Rota
1122 2980 1164 3020 in
1180 2979 1242 3020 di-

284 3041 349 3081 Ha
362 3042 623 3082 Melevitana
633 3040 975 3094 jurispatronatus
995 3053 1010 3078 1
1022 3053 1061 3091 3.
1073 3041 1240 3098 ‘Janua-

285 3100 339 3140 rii
359 3102 487 3152 1708.
504 3101 674 3149 §.Finali
684 3116 816 3142 coram
827 3102 1024 3142 bon-mem.
1040 3105 1239 3149 Omanna,

284 3172 379 3201 cum
410 3162 506 3203 aliis
533 3162 575 3202 in
607 3161 716 3202 dieta
748 3162 911 3216 Papien.
943 3161 1138 3203 Rectoriae
1172 3173 1238 3201 10.

285 3221 511 3262 Decembris
525 3221 621 3264 anni
629 3222 813 3276 proximi
820 3222 1024 3277 praeteriti
1041 3226 1078 3269 §-
1093 3224 1144 3263 Et
1157 3220 1240 3266 in...

286 3278 519 3333 universum
536 3296 664 3324 coram
678 3287 751 3326 Me
765 3312 777 3323 .

282 3388 290 3396 .
343 3340 398 3382 Et
413 3341 472 3382 ita
485 3353 664 3399 utraque
681 3347 762 3386 διε.

724 191 1223 258 Commentaria
1245 192 1327 259 ad
1341 191 1956 284 fingulosCanon'es

295 306 416 363 ptista
432 309 638 352 Cei-iolus
669 305 862 351 suffultus
879 307 968 352 sola
988 311 1249 353 nominatio-
1324 312 1332 319 ‘

1470 357 2179 417 ARGUMENTUM.

1317 467 1591 543 Requifita
1619 469 1647 525 εὶ
1681 472 1978 531 Fundatore
2026 478 2082 531 in
2126 477 2335 538 limine,

1394 550 1719 605 fundationis
1745 556 2100 611 Canonicatus
2119 560 2336 633 qualita-

1395 647 1449 684 te
1495 631 1704 686 afi’cualis
1753 633 2045 690 Sacerdotii
2087 636 2335 712 respeE'cu

1399 728 1704 767 exterorum
1737 715 1792 767 in
1828 715 1947 769 astu
1975 715 2332 790 praesentatio—

1397 792 1505 855 nis;
1550 795 1631 844 An
1649 794 1789 848 dic‘ta
1819 795 2036 869 qualitas
2059 796 2334 855 censeat'ur

1398 872 1558 926 etiam
1579 871 1740 927 volita
1763 875 2003 948 resped'cu
2026 876 2333 956 consangui-

1397 971 1639 1015 neorum,
1652 953 1739 1009 vel
1754 955 1926 1028 potius
1947 953 1979 1009 s
1973 954 2335 1035 ufficiat,qu0d

1401 1032 1480 1085 isti
1501 1032 1567 1084 ad
1586 1029 1835 1089 &sedtum
1856 1033 2131 1092 obtinendi
2153 1043 2326 1096 Cano-

1400 1113 1665 1176 nicarum,
1693 1118 2001 1188 promoveri
2021 1117 2175 1191 poffit
2193 1119 2328 1175 infra

1398 1213 1594 1248 annum
1626 1233 1641 1255 ‚
1674 1195 1886 1268 quando
1918 1196 2089 1252 nullus
2118 1219 2333 1256 eorum.

1399 1274 1471 1327 est
1486 1275 1604 1327 actu
1618 1275 1946 1338 SacerdOS,&
1962 1299 2026 1331 an
2039 1298 2166 1337 cum
2181 1284 2326 1337 Con-

1395 1350 1686 1485 {anguineis
1704 1352 1765 1410 fit
1784 1357 1958 1433 quoad
1994 1359 2096 1414 hoc
2116 1358 2328 1436 dispen-

1419 1436 1617 1489 andum
1632 1441 1650 1488 ἓ

1504 1547 2128 1592 SUMMARIUM.

1346 1661 1365 1690 1
1397 1644 1634 1704 Beneficium
1646 1644 1820 1702 respebiu
1832 1659 2122 1692 extraneorum
2127 1648 2253 1703 potest
2263 1649 2325 1702 es-

1422 1709 1469 1763 se
1484 1710 1576 1751 abiu
1593 1709 1844 1751 Sacerdotale
1859 1738 1874 1758 ,
1887 1710 2059 1764 respa-Ha
2076 1708 2175 1750 vcro
2189 1723 2324 1751 eorum

1432 1771 1480 1811 de
1481 1769 1678 1827 sanguine
1691 1784 1766 1811 non
1779 1770 1874 1811 aHu
1888 1770 2140 1813 Sacer-dotale
2159 1794 2174 1810 .-

1345 1845 1366 1872 2
1399 1835 1510 1886 Papa
1522 1830 1563 1872 in
1576 1830 1865 1886 provisionibus
1882 1830 2206 1886 Apostolicissoler
2217 1832 2318 1885 ser*-

1428 1906 1531 1933 vare
1555 1893 1657 1948 leges
1676 1895 1870 1948 appofitas
1885 1891 1926 1933 in
1935 1890 2179 1946 fundatione
2195 1919 2209 1942 ,
2235 1889 2310 1935 sed

1430 1953 1565 1994 limita
1583 1981 1597 2001 ‚
1615 1963 1659 1993 ut
1683 1953 1742 1994 ibi
1758 1985 1768 1994 .
1985 1985 1988 1988 »

1341 2024 1363 2066 3
1398 2017 1505 2068 Papa
1508 2013 1676 2066 facilius
1691 2013 1885 2067 dispensat
1899 2027 1983 2054 cum
2009 2013 2064 2054 eis
2093 2040 2106 2061 ‚
2132 2012 2203 2068 qui
2215 2014 2315 2066 sum

1421 2074 1603 2128 proximi
1632 2073 1743 2115 aetati
1774 2074 1968 2131 requisitae
1983 2103 1994 2114 .
2044 2073 2213 2130 Amplia
2228 2101 2242 2122 ,
2275 2085 2320 2115 ut

1428 2135 1491 2177 ibi
1508 2162 1518 2172 .

1583 2233 1624 2275 C
1655 2231 1695 2275 A
1728 2231 1753 2272 S
1787 2230 1828 2272 V
1856 2225 1886 2270 S*
1948 2230 1984 2270 X
2001 2230 2054 2272 V.

1395 2315 1566 2373 Equens
1580 2312 1675 2358 facti
1703 2312 1828 2357 series
1851 2313 2038 2370 expolita
2054 2313 2133 2355 fuit
2153 2314 2195 2356 in
2223 2313 2325 2357 Sac..

1412 2375 1769 2432 Congregatione
1801 2375 1991 2418 Concilii
2010 2403 2022 2414 .
2054 2375 2194 2416 Maria
2218 2375 2318 2417 Far-

1368 2436 1491 2481 rochi
1508 2436 1680 2478 deloco
1699 2436 1944 2492 CapranIcae
1961 2432 2033 2478 sub
2054 2436 2204 2480 ultimo
2221 2435 2321 2488 ejusf

1367 2498 1639 2542 Testamento
1669 2525 1683 2544 ,
1716 2496 1838 2554 quod
1876 2495 2075 2539 condidit
2116 2495 2170 2538 de
2199 2508 2313 2538 anno

1370 2563 1502 2611 1647.
1517 2556 1664 2600 relicto
1681 2556 1848 2599 haerede
1865 2555 2317 2611 usufructuariojoauf

1363 2633 1416 2662 ne
1434 2618 1644 2674 Stalpello
1657 2617 1745 2669 ejus
1761 2618 1854 2660 viro
1870 2645 1883 2667 ‚
1900 2617 1991 2673 post
2008 2617 2130 2668 hujus
2146 2617 2313 2659 obitum

1368 2678 1644 2722 demandavit
1674 2705 1688 2726 ,
1719 2689 1763 2720 ut
1796 2691 1848 2719 ex
1869 2678 2066 2720 omnibus
2093 2674 2174 2720 suis
2187 2676 2314 2720 bonis

1364 2741 1603 2796 erigeretur
1625 2752 1728 2781 unus
1745 2740 2045 2783 canonicatus
2065 2738 2108 2780 in
2135 2735 2319 2780 Ecclesia

1362 2801 1613 2856 Collegiata
1625 2800 1947 2856 SanstiJoannis
1960 2798 2199 2855 primodiffi
2210 2797 2317 2846 loci,

1366 2874 1415 2903 ac
1445 2861 1585 2904 voluit
1613 2857 1922 2912 jusnominandi
1953 2859 2219 2901 Canonicum
2237 2869 2313 2915 pro

1362 2932 1558 2977 tempore
1573 2917 1755 2975 spectare
1767 2920 1819 2962 ad
1841 2919 2317 2976 Capitulum‚&Cano-

1363 2981 1483 3023 nicos
1502 2978 1685 3032 ejusdem
1704 2980 1959 3038 Collegiatae
1975 3007 1989 3028 ,
2010 2993 2059 3021 ea
2076 2979 2237 3032 adjecta
2249 2978 2314 3021 le-

1362 3055 1416 3096 ge
1432 3065 1473 3075 --
1489 3040 1518 3081 li
1528 3040 1639 3096 quali
1654 3054 1727 3081 non
1738 3052 1785 3095 po
1780 3039 1878 3098 fflno
1893 3041 2073 3093 nominar
2090 3038 2279 3083 Canonico
2292 3065 2308 3088 ,

1361 3101 1393 3142 il
1406 3101 1523 3156 quale
1540 3100 1680 3153 nonsia
1693 3102 1900 3143 Sacerdote
1913 3101 2004 3141 nell*
2017 3110 2120 3149 atto,
2137 3097 2311 3153 cbestcrd

1361 3162 1564 3203 nominato
1580 3160 1665 3204 &a
1681 3177 1701 3203 e
1713 3161 1811 3214 caso,
1823 3161 1889 3202 che
1905 3162 2014 3203 detto
2030 3157 2235 3202 Giovanm'
2235 3157 2312 3211 suo

1362 3221 1511 3264 marito
1527 3221 1568 3262 in
1582 3221 1678 3263 vita
1697 3222 1825 3277 suasi
1844 3220 2082 3280 contentaffl·
2095 3219 2311 3275 eriggerea

1362 3283 1395 3323 il
1408 3284 1518 3324 detto
1535 3281 1768 3325 canonicato
1787 3310 1800 3329 ,
1817 3296 1837 3322 e
1849 3282 2077 3336 l'usufrutto
2090 3279 2132 3321 di
2147 3279 2214 3319 dd.
2217 3278 2309 3331 suoi

1364 3343 1453 3384 beni
1469 3342 1609 3402 voleffie
1624 3342 1834 3396 applicarlo
1851 3343 1893 3383 al
1909 3345 2017 3384 detto
2028 3339 2234 3386 Canonico,
2250 3355 2320 3384 ᾳ,

1361 3402 1603 3444 rinunciarlo
1616 3431 1629 3451 ,
1647 3403 1730 3443 dice
1745 3431 1758 3451 ,
1773 3416 1792 3442 e
1809 3402 1989 3444 dichiara
2010 3428 2023 3450 ,
2043 3399 2109 3441 che
2112 3402 2178 3456 sia
2190 3398 2232 3441 in
2234 3400 2310 3452 suo

1359 3462 1535 3504 arbitrio
1566 3463 1653 3503 l'ele
1664 3463 1778 3503 zione
1806 3463 1871 3503 del
1893 3460 2080 3504 Canonico
2090 3473 2162 3514 per
2180 3458 2313 3516 questa

1355 3523 1489 3576 prima
1504 3523 1635 3571 volta,
1651 3538 1671 3564 e
1673 3523 1778 3580 poffiz
1793 3521 1912 3564 anche
1939 3519 2315 3620 eleggerlofflncbog-

2249 3593 2267 3619 c
2295 3594 2315 3621 e
