2456 3802
343 183 443 245 De
456 181 668 270 Jurep.
687 178 909 243 pann.
934 185 1095 248 Can.
1115 187 1371 252 XXVII.
1396 187 1538 251 Cas?
1556 190 1722 254 XIV.

116 293 198 344 sas,
216 306 308 352 quse
320 293 481 350 optime
495 294 682 336 declarat
696 294 804 336 hanc
822 293 938 337 fuisse
952 309 1065 338 men-

114 369 201 398 tem
230 354 487 397 Fundatoris
502 383 516 403 ‚
553 367 638 396 non
667 355 871 411 gravandi
901 355 1064 398 scilicet

111 415 401 472 Cappellanos
417 415 670 473 quotidiana
684 415 971 471 applicatione
986 432 1064 472 pro

111 476 200 528 ejus
214 476 367 518 Anima
381 505 393 517 .
411 480 565 519 Lotter.
580 476 629 516 de
643 491 685 518 re
698 475 897 530 benqfilib.
908 487 1012 533 1.q.2
1023 492 1063 527 9.

115 551 221 578 num.
232 549 247 576 1
258 542 329 577 60.

169 597 240 638 Ad
264 594 488 640 secundum
504 623 545 631 --
558 596 789 653 Negativ25
816 598 916 655 quia
941 597 1065 639 cum)

111 657 329 700 Fundator
350 655 448 700 esset
465 659 596 700 laicus
614 686 627 705 ,
655 662 695 700 &
711 656 761 699 fic
779 657 1063 701 verifimiliter

30 713 32 716 ’
110 717 283 774 ignarus
297 717 494 760 feriarum
507 746 519 766 ,
535 722 575 760 &
593 718 771 764 dierum,
790 719 832 759 in
850 719 1003 776 quibus
1020 719 1062 760 in

113 778 372 821 Kalendario
389 777 436 820 fit
450 777 644 821 Officium
659 779 713 819 de
729 779 872 827 Feria,
889 781 1061 821 nomine

115 838 280 880 dierum
309 837 518 882 ferialium
552 852 637 882 non
664 837 920 895 praesumitur
936 839 1064 883 intel-

109 894 255 940 lexisse
270 898 323 941 de
342 900 427 941 illis
443 898 605 942 tantum
626 899 812 952 diebus,
842 901 886 942 in
907 901 1061 958 quibus

112 958 158 1000 in
176 959 429 1002 Kalendario
445 960 601 1002 dicitur
616 962 663 1002 de
678 975 722 1000 ea
740 976 752 1006 ς
780 971 943 1002 attento
960 972 1063 1015 prae-

112 1019 238 1075 cipue
249 1020 393 1076 pingui
404 1020 612 1076 stipendio
626 1021 857 1079 unicuique
871 1035 924 1063 ex
937 1021 1055 1061 dictis

112 1080 391 1136 Cappellanis
409 1080 625 1137 affignato‚
643 1081 743 1123 dum
759 1082 828 1123 uni
846 1080 1060 1137 assignavit

114 1152 252 1182 annua
268 1138 381 1183 scuta
396 1153 589 1190 centum,
614 1140 736 1184 alteri
761 1155 894 1185 annua
922 1139 1059 1183 scuta„

63 1228 70 1234 -
115 1200 429 1258 quinquaginta
443 1231 467 1251 ‚.
485 1202 590 1245 alias
606 1215 699 1244 curn
717 1201 881 1259 singulo
895 1200 1056 1244 mense)

110 1262 236 1315 pauci
253 1289 267 1310 ,
285 1274 355 1304 aut
370 1262 475 1304 nulli
489 1261 620 1305 adsmt
635 1263 729 1305 dies
744 1291 758 1312 ‚
781 1264 824 1305 in
837 1264 993 1321 quibus
1012 1261 1060 1304 sit

111 1319 305 1362 Officium
321 1323 367 1364 de
381 1336 428 1363 ea
443 1351 456 1372 ,
476 1335 704 1381 nunquam,
720 1334 791 1365 aut
805 1324 950 1380 pauciS
966 1322 1058 1365 die-

112 1381 193 1424 bus
209 1382 522 1437 applicarentur
537 1381 662 1426 Missae
678 1414 690 1426 .

170 1442 241 1483 Ad
258 1444 426 1484 tertium
445 1444 638 1486 dicebam
655 1460 667 1491 3
694 1444 829 1488 teneri
844 1444 1056 1501 applicare

110 1502 313 1544 omnibus
328 1503 654 1561 diebus‚quibus
670 1505 873 1547 celebrari
890 1502 1056 1560 possunt

108 1561 238 1604 Miffae
258 1562 583 1610 Defunstormm
600 1577 693 1606 cum
711 1565 881 1607 nomine
894 1564 1058 1606 dierum

109 1619 320 1664 ferialium
353 1623 587 1679 vulgariter
629 1625 803 1668 veniant
831 1625 895 1666 illi
922 1625 1014 1666 dies
1046 1653 1060 1673 ,

109 1682 158 1724 in
174 1683 328 1739 quibus
345 1683 552 1726 celebrari
568 1684 712 1726 valent
739 1683 866 1726 Miffae
898 1684 1061 1726 Defun-

109 1743 287 1792 ἂοτιιηι,
303 1757 394 1800 quae
407 1743 491 1785 dici
509 1742 673 1799 possunt
690 1757 962 1802 quocumque
974 1745 1060 1793 die,

108 1813 389 1870 pnaeterquam
408 1804 450 1846 in
466 1804 592 1846 Pestis
606 1805 850 1862 duplicibus
868 1833 880 1853 2
915 1810 954 1847 &
970 1807 1061 1847 Do-

109 1874 275 1905 minicis
291 1893 302 1904 .

170 1923 306 1965 Sacrae
332 1922 438 1965 vero
484 1926 828 1981 Congregationi
856 1925 897 1966 in
923 1927 1063 1967 Ferra-

109 1980 210 2023 rt'en·
237 1983 507 2039 applicationis
527 1985 738 2043 Miffarum
767 1985 876 2026 dicta
905 1986 967 2027 die
989 1990 1058 2027 26.

19 2067 22 2069 Δ
104 2042 261 2085 Martii
291 2045 418 2094 1718.
440 2058 525 2087 non
555 2043 636 2087 fine
670 2059 819 2101 magna
835 2047 1050 2088 Votorum

105 2098 269 2146 sciffura
285 2103 444 2160 placuit
474 2101 716 2161 supradictis
729 2103 1060 2162 dubiis'respon-

108 2163 211 2205 dere
229 2181 241 2210 ς
261 2164 331 2207 Ad
342 2165 518 2220 primum
537 2165 809 2220 Affirmative,
824 2163 1058 2224 ini-eliqms

111 2222 221 2266 Satis
225 2224 434 2279 provisum
450 2253 462 2264 .

186 2309 663 2367 ARGUMEN
689 2310 927 2367 TUM.

45 2412 390 2487 ‘Cappellania
406 2435 470 2469 ex
495 2415 611 2491 lege
628 2415 944 2469 fundationis
961 2435 1025 2467 an
1046 2453 1060 2475 ‚

129 2497 186 2548 &
205 2495 415 2568 quando
449 2495 652 2550 dicatur
681 2492 1057 2557 sacerdotalis3

130 2574 187 2626 ὅ(
217 2592 281 2626 an
300 2575 623 2648 Cappellano
648 2573 903 2628 laboranti
922 2592 1060 2628 mor-

128 2648 200 2705 bo
215 2653 506 2726 Paralytico
525 2693 539 2715 ,
567 2652 719 2727 posfit
750 2653 972 2706 concedi
986 2653 1060 2705 fa—

130 2730 293 2786 cultas
343 2729 640 2788 celebrandi
687 2727 895 2786 Missam
932 2769 946 2791 ‚
996 2732 1062 2784 ad

128 2830 287 2885 quam
307 2830 573 2879 teneatur3
609 2832 733 2867 cum
769 2809 1061 2865 assistentia„

73 2965 83 2972 ἢ
128 2891 453 2947 Sacerdotis?

246 2990 846 3035 SUMMARIUM.

86 3085 108 3115 ι
142 3073 311 3119 Verbum
326 3075 535 3118 Sacerdos
566 3075 606 3115 in
621 3073 754 3130 lingua
780 3071 909 3113 latina
922 3071 1062 3124 prola-

168 3144 255 3177 tum
282 3135 399 3177 venit
401 3134 530 3190 solum
550 3134 614 3176 ille
632 3163 645 3183 ,
674 3132 744 3188 qui
771 3130 822 3182 est
835 3131 1063 3182 constitutus

169 3195 213 3236 in
224 3195 358 3238 ordine
375 3195 640 3255 Presbyterali
656 3223 670 3242 a
687 3193 907 3249 stcussistt
929 3191 1064 3245 prola-

167 3255 308 3298 tamin
322 3256 460 3314 lingua
474 3254 617 3297 Italica
628 3283 641 3303 ,
657 3253 707 3297 ό·
722 3251 886 3310 vulgari
902 3280 915 3291 .

92 3329 117 3357 2
149 3317 308 3370 Exsola
321 3317 403 3375 lege
418 3315 674 3372 fundationis
688 3313 794 3370 qubd
812 3312 1065 3367 cappellanus

176 3376 341 3421 celebret
368 3378 529 3437 Miffam
543 3404 557 3425 ‚
589 3391 641 3417 an
654 3372 904 3429 Coppellania
919 3372 978 3427 stt
993 3375 1066 3414 Sa-

175 3438 387 3481 cerdotalis
399 3440 417 3481 ἒ
434 3442 474 3482 &
485 3451 596 3480 num.
618 3449 633 3475 1
644 3436 685 3477 8.

15 3499 19 3558 Ἀ
83 3507 106 3548 3
138 3495 438 3551 Cappellaniam
456 3498 526 3560 ff
559 3494 879 3543 sacerdotalem,
908 3509 988 3544 an,
1017 3492 1066 3537 &¹

2021 218 2140 279 543

1239 298 1395 352 quando
1405 298 1601 352 probatur
1643 314 1697 342 ex
1712 298 1919 354 subsecuta
1936 304 2149 357 observan-

1237 359 1330 399 tia?
1350 362 1390 400 δε
1409 373 1518 401 num.
1540 373 1608 399 20.

1151 433 1180 471 4
1210 420 1463 474 Cappellant'ae
1478 448 1492 468 ‚
1521 430 1593 460 aut
1609 420 1794 474 beneficia
1800 423 2003 477 simplicia
2018 426 2142 480 deju-

1242 494 1287 519 re
1304 480 1495 519 communi
1519 479 1765 535 qualitatem
1775 482 2054 528 Sacerdotelem
2067 501 2142 529 non

1247 539 1460 593 requirunt
1481 541 1498 580 ἒ
1516 543 1554 581 &
1577 553 1687 581 num.
1708 553 1777 580 22.

1156 611 1175 650 5
1212 601 1278 642 Ad
1292 598 1472 656 effi't‘lum
1509 599 1752 655 cognoscendi
1780 601 2021 654 qualitatem
2036 612 2139 661 Cap-

1232 659 1502 714 pellaniarum
1525 660 1714 701 voluntas
1732 661 1970 704 andatoris
1999 666 2050 718 est
2065 678 2133 708 at-

1243 721 1441 761 tendenda
1459 749 1470 760 .

1155 784 1182 821 6
1213 780 1468 836 Cappellania
1498 794 1572 821 non
1607 779 1752 821 dicitur
1777 784 2041 826 Sacerdotalis
2086 799 2142 829 ex

1241 855 1482 897 quacumque
1524 841 1754 899 exprffone
1786 843 2030 886 Sacerdotis
2055 858 2106 900 pe
2120 862 2143 888 r

1241 903 1482 942 Fundatores
1494 901 1617 953 falla
1637 902 1678 941 in
1691 901 1822 943 limine
1825 903 2082 955 fundationis
2095 937 2107 948 .

1153 973 1179 1012 7
1213 963 1377 1005 Verbum
1394 961 1601 1003 Sacerdos
1607 961 1717 1012 stare
1725 963 1847 1015 potest
1877 964 2137 1007 demonstra-

1238 1023 1327 1063 tive
1346 1050 1359 1070 ‚
1387 1026 1427 1064 δε
1456 1019 1743 1079 qualificative
1763 1050 1777 1070 2
1810 1022 1859 1064 ὠ·
1893 1026 2048 1077 quando
2077 1027 2138 1067 his

1241 1080 1480 1131 modis-stare
1496 1081 1686 1122 dicatur?
1703 1082 1813 1122 Vide
1835 1083 1912 1132 ibi,
1928 1088 1967 1126 &
1989 1098 2059 1125 nu.
2072 1098 2086 1124 1
2098 1093 2137 1135 7.

1151 1143 1175 1183 8
1215 1143 1378 1184 Verbum
1405 1141 1613 1183 Sacerdos
1630 1140 1756 1194 sistet
1775 1143 2105 1187 demonstrative
2124 1173 2137 1193 ,

1235 1201 1487 1256 Cappellania
1501 1217 1575 1242 non
1590 1200 1652 1243 est
1670 1203 1916 1243 sacerdotali
1922 1219 1939 1243 s
1949 1220 1960 1249 ς
1964 1204 2079 1256 secus
2079 1206 2139 1258 sl-

1224 1263 1305 1316 stet
1322 1261 1637 1320 qualificative5
1660 1265 1700 1304 δι
1718 1275 1829 1304 num.
1846 1276 1888 1312 9.
1913 1264 2136 1321 Intelligg,
2207 1292 2211 1297 .

1237 1335 1281 1365 ut
1301 1321 1358 1365 ibi
1379 1352 1390 1362 .

1121 1405 1138 1433 1
1149 1401 1174 1427 0
1204 1382 1455 1438 Cappellam'a
1469 1382 1624 1439 quando
1639 1381 1798 1423 dicatur
1808 1382 1918 1432 atqu,
1936 1383 1985 1427 ὠ·
2006 1398 2132 1440 quan.

1240 1445 1287 1486 do
1323 1442 1456 1485 habitu
1489 1441 1755 1483 sacerdotalis
1771 1444 1789 1484 ἒ
1821 1443 1936 1485 Vide
1971 1444 2030 1486 ibi
2045 1473 2058 1493 ‚
2085 1448 2126 1488 &

1239 1517 1427 1547 num.12.
1445 1499 1573 1560 usque
1589 1503 1639 1544 ad
1660 1507 1728 1545 16.

1122 1579 1139 1607 1
1153 1580 1169 1608 1
1256 1564 1403 1605 ualitas
1418 1563 1444 1603 d
1459 1564 1679 1604 Fundatore
1707 1562 1901 1618 requistta
1918 1575 2013 1606 ante
2022 1569 2132 1617 prie-

1207 1569 1488 1679 &mationem
1519 1637 1744 1665 concurrere
1761 1624 1874 1666 debet
1893 1625 1940 1667 de
1955 1635 2132 1679 tempore

1227 1683 1541 1739 praesentationis
1553 1711 1565 1723 .

1123 1761 1174 1802 19
1206 1744 1610 1801 Cappellaniafimper
1621 1743 2126 1800 presumiturfi'mplex,&

1234 1822 1308 1848 non
1324 1803 1587 1847 Sacer-dotalis
1602 1832 1615 1852 ‚
1640 1804 1817 1859 sidefi'nt
1841 1804 1969 1846 verba
1981 1818 2128 1859 praece·

1229 1866 1353 1921 ptiva
1368 1863 1589 1905 celebrandi
1598 1864 1721 1917 persi:
1736 1864 1861 1917 ipsum
1874 1893 1887 1913 ‚
1906 1877 1977 1906 aut
1986 1864 2128 1919 prohi-

1235 1926 1368 1967 bitiva
1381 1924 1681 1976 celebrandiper
1698 1923 1820 1964 alium
1838 1926 1855 1964 ?
1875 1928 1915 1966 &
1929 1938 2038 1966 num.
2057 1937 2126 1976 23.

1120 2002 1140 2029 2
1154 2001 1170 2028 1
1206 1986 1434 2041 Cappellano
1449 1982 1649 2026 laboranti
1659 1983 1838 2024 continue
1850 1987 1981 2024 morbo
1998 1990 2128 2026 Para-

1235 2046 1347 2106 lyn'co
1373 2059 1445 2086 non
1472 2041 1535 2084 est
1565 2043 1803 2084 concedenda
1821 2043 2004 2097 facultas
2027 2044 2129 2085 cele-
2158 2068 2161 2070 -

1234 2105 1375 2149 brandi
1403 2103 1567 2162 Mtffiam
1598 2104 1685 2145 cum
1711 2102 1919 2161 afflstentia
1936 2105 2125 2146 Sacerdo-

1238 2178 1294 2208 ΠΙ
1310 2195 1321 2206 .

1120 2240 1175 2280 24
1206 2229 1262 2270 Ab
1290 2240 1403 2268 onere
1419 2224 1609 2280 residendi
1621 2222 1662 2263 in
1681 2225 1853 2278 Ecclesia
1869 2237 1943 2264 non
1957 2223 2131 2279 infertur

1239 2285 1526 2342 Cappellaniam
1539 2284 1608 2342 effi
1625 2284 1911 2325 Sacerdotalem
1926 2314 1938 2325 .

1122 2359 1173 2399 25
1209 2347 1497 2403 cappellaniam
1514 2358 1586 2385 non
1601 2345 1671 2402 effe
1688 2344 2131 2399 sacerdotalem‘proba-

1234 2417 1302 2449 tur
1317 2421 1371 2449 ex
1386 2405 1645 2459 observantia
1656 2434 1667 2445 .
2124 2422 2126 2424 v

1121 2483 1140 2509 2
1150 2483 1174 2529 7
1205 2467 1472 2521 observantia
1483 2477 1554 2518 pro
1570 2464 1766 2519 qualitate
1781 2463 2030 2505 Sacerdotali
2045 2491 2058 2512 ,
2076 2478 2131 2508 ex

1237 2528 1376 2583 quibus
1388 2525 1539 2567 actibus
1552 2537 1627 2564 non
1644 2523 1804 2563 dicatur
1821 2551 1834 2562 .

1125 2591 1174 2631 18
1209 2589 1425 2641 Refer-vato
1463 2583 1570 2642 ⁶June
1592 2592 1833 2637 patronatus
1853 2581 2033 2635 pluribus
2062 2581 2126 2622 ut?

1242 2645 1524 2702 univerfis,hoc
1538 2643 1699 2698 residere
1711 2643 1858 2684 dicitur
1864 2654 1986 2696 penes
1999 2642 2126 2696 ipsam

1240 2708 1544 2762 universitatem
1562 2732 1576 2752 2
1606 2701 1655 2746 (θ’
1683 2716 1756 2743 non
1767 2714 1883 2756 penes
1903 2702 2125 2756 quamlibet

1239 2767 1446 2823 Personam
1459 2762 1721 2822 singulariter
1731 2763 1931 2816 sumptam
1945 2791 1957 2804 .

1125 2844 1178 2883 29
1213 2825 1465 2885 Negligentia
1489 2822 1716 2879 praesentati
1740 2822 2023 2876 inproducendo
2053 2835 2123 2863 no-

1237 2887 1489 2931 minationem
1505 2884 1671 2926 Patroni
1686 2911 1700 2932 ‚
1724 2898 1797 2923 non
1806 2882 2042 2936 praejudicat
2057 2883 2130 2922 hu-

1231 2952 1300 3003 jus
1325 2943 1646 3005 quasipoſjeffloni
1673 2957 1727 2985 ex
1740 2942 1904 2998 impleta
1917 2941 2131 2999 praesenta-

1238 3009 1340 3050 tione
1356 3007 1518 3063 quaesita
1539 3034 1549 3045 .

1123 3086 1177 3126 30
1208 3069 1427 3123 Refirvato
1442 3066 1787 3125 ‘'Jurepatronatus
1803 3061 2030 3110 nestora&
2049 3065 2129 3102 Pa-

1240 3126 1435 3171 rochianis
1464 3127 1546 3167 duae
1562 3138 1678 3166 voces
1715 3122 1884 3179 «equales
1911 3121 2127 3182 constituta

1240 3189 1424 3232 dicuntur
1439 3185 1638 3242 ?Amplia
1653 3212 1667 3232 ‚
1690 3195 1735 3225 ut
1752 3196 1863 3225 num.
1882 3196 1903 3236 3
1915 3195 1952 3224 1.

1384 3286 1680 3329 CASUS
1753 3284 1867 3326 XIV.

1192 3369 1370 3414 Nstituit
1403 3367 1574 3426 quidam
1599 3367 1695 3407 Pius
1714 3363 1930 3406 Fundator
1946 3358 2130 3416 Cappel-

1209 3432 1362 3473 laniam
1396 3431 1439 3469 in
1454 3425 1636 3470 Ecclesia
1667 3426 1721 3468 A.
1736 3424 1926 3481 juffitque
1944 3423 1995 3463 ad
2015 3431 2131 3461 cama

1183 3492 1394 3536 nominari
1408 3488 1779 3545 Sacerdotem‚qui
1791 3484 2003 3528 celebrare
2019 3493 2132 3579 (ἷζε.)-

2017 3550 2049 3579 t1
2084 3551 2122 3579 xe
