2502 3848
395 187 524 269 386

386 299 648 357 provisiones
698 300 993 354 praecedentes
1040 303 1330 345 emanaverint

386 373 480 402 cum
494 359 520 400 d
531 360 787 414 erogatione
805 360 1051 412 medietatis
1065 360 1342 412 vocum2sem-

384 433 462 477 per
477 419 651 463 firmum,
665 430 871 473 remanet,
888 420 1008 477 quod
1025 421 1159 465 altera
1174 422 1339 466 medie-

391 491 455 521 tas
476 478 521 519 fit
535 479 668 534 penes
686 479 834 521 Titum·
846 481 1011 523 Livium
1025 509 1038 530 ,
1055 493 1100 523 ut
1113 482 1242 524 etiam
1257 482 1339 524 ho-

389 540 460 580 die
474 538 658 594 ingenue
669 539 950 582 admittebant
965 540 1244 585 informantes
1259 551 1343 597 pr'o

388 599 627 642 Dominico
644 626 657 647 ‚
673 603 711 642 δε
724 600 825 641 ideo
845 600 1171 644 nondestruitur
1184 601 1338 645 funda-

388 670 577 702 mentum
594 673 692 701 mox
721 659 875 702 dietum
892 687 905 708 ,
936 661 1055 718 quod
1085 662 1127 704 in
1157 663 1335 718 paritate

388 733 543 762 vocum
559 719 704 761 debita
719 717 818 761 esset
833 720 1229 777 praelatioJoachim
1243 734 1337 763 tan-

388 794 514 837 quam
548 779 601 822 de
635 780 850 835 Sanguine
870 781 1145 824 patronorum
1163 798 1174 828 ς
1201 783 1258 823 Et'
1272 793 1337 822 ta-

387 854 484 882 men
518 854 570 897 ex
600 840 685 882 alio
715 840 857 894 capite
879 854 1018 898 neque
1045 841 1335 884 attendendus

389 898 490 941 esset
519 897 562 941 d.
580 900 751 941 ultimus
766 900 894 941 status
907 928 920 948 ,
946 900 1040 942 cum
1057 902 1168 946 enim
1192 915 1243 942 ex
1257 915 1337 957 pu-

388 960 515 1003 blicis
531 960 800 1006 documentis
816 988 830 1008 ‚
847 963 886 1002 &
902 961 1230 1015 probationibus
1243 974 1336 1003 cer-

387 1023 442 1062 tis
459 1019 619 1061 constet
636 1022 778 1061 Titum
795 1021 961 1062 Livium
990 1021 1147 1066 habere
1164 1034 1249 1064 tres
1283 1035 1336 1067 ex

387 1091 572 1138 quatuor
590 1081 769 1122 vocibus
786 1107 798 1128 ‚
828 1091 872 1121 ut
898 1078 978 1128 fuit
997 1078 1192 1137 superius
1220 1096 1336 1124 com-

386 1141 616 1197 probatum
633 1169 646 1188 ,
662 1144 702 1184 &
716 1154 784 1182 res
806 1136 852 1181 fit
869 1141 1037 1196 integra
1052 1170 1065 1190 ‚
1082 1138 1244 1183 scilicet
1261 1155 1336 1183 an-

393 1214 437 1242 te
456 1201 761 1243 institutionem
791 1201 1008 1242 Dominici
1026 1230 1039 1250 ,
1068 1203 1241 1244 ultimus
1258 1201 1335 1243 sta-

388 1272 456 1302 tus
476 1262 517 1302 in
538 1261 603 1301 his
629 1261 820 1301 terminis
838 1275 922 1303 non
937 1259 1183 1320 suffragatur
1198 1290 1212 1311 ‚
1239 1262 1334 1305 cum

388 1322 639 1376 petitorium
665 1318 891 1362 absorbeat
910 1336 1220 1379 quamcumque
1237 1319 1336 1378 pos-

385 1379 598 1423 seffionem
617 1410 632 1428 ,
647 1384 686 1423 &
700 1383 840 1423 veniat
853 1382 1129 1428 instituendus
1148 1381 1335 1430 Praesen-

333 1458 387 1485 20
406 1452 517 1482 tatus
536 1442 558 1482 a
579 1455 681 1483 vero
700 1441 901 1489 Patrono,
920 1455 1005 1486 non
1021 1443 1123 1486 vero
1138 1443 1161 1486 a
1176 1443 1336 1500 putati-

394 1517 467 1550 vo,
485 1505 588 1542 Rota
606 1515 737 1542 coram
751 1501 878 1543 Priola
893 1502 1004 1555 decis.
1027 1516 1042 1542 1
1057 1516 1073 1542 1
1084 1517 1121 1555 3.
1138 1518 1203 1556 n.3
1214 1517 1268 1554 5.,
1285 1501 1335 1546 &⁸

392 1567 463 1614 36.
481 1576 612 1603 coram
625 1561 793 1604 Emerix
806 1563 894 1615 jun.
908 1563 1021 1616 decis.
1046 1577 1061 1602 1
1072 1578 1093 1615 3
1105 1577 1122 1602 2
1133 1580 1174 1605 0.
1193 1579 1258 1604 nu.
1269 1575 1334 1612 15.

389 1623 431 1664 in
447 1637 524 1664 rec.
540 1621 654 1681 decis.
672 1626 741 1672 64.
758 1637 863 1667 num.
882 1635 903 1673 3
913 1635 952 1673 3.
981 1635 1094 1678 part.
1118 1637 1184 1676 13.
1204 1623 1253 1666 ὠ·
1265 1626 1335 1664 de-

387 1684 454 1736 cis.
474 1694 571 1735 153.
591 1697 697 1725 num.
714 1688 754 1723 6.
772 1711 785 1731 ,
814 1682 863 1725 (φ’
879 1697 918 1734 7.
937 1694 1049 1737 part.
1074 1686 1139 1724 18.
1168 1682 1336 1725 Etiamsi

386 1744 515 1785 status
535 1745 722 1785 anterior
741 1757 825 1783 non
842 1740 1015 1786 resultet
1034 1759 1091 1786 ex·
1109 1758 1152 1786 re
1175 1742 1337 1796 judica-

389 1815 455 1851 ta,
481 1802 737 1845 confessione
768 1804 901 1845 Partis
914 1831 926 1852 ,
955 1816 1024 1846 aut
1055 1805 1335 1848 Instrumento

388 1864 566 1921 publico
580 1862 845 1912 fundationis
865 1891 879 1911 ‚
905 1866 1003 1920 quia
1020 1862 1166 1906 sufficit
1186 1893 1198 1912 ,
1216 1864 1335 1922 quod

387 1925 619 1981 colligatur
635 1938 687 1966 ex
704 1924 1030 1979 probationibus
1047 1925 1190 1973 certis,
1205 1926 1337 1982 aequi·

387 1984 653 2041 pollentibus
687 1984 759 2026 dd.
781 1983 914 2025 tribus
935 1985 1075 2026 modis
1092 2012 1106 2033 ‚
1131 1988 1238 2030 Rota
1252 1985 1336 2028 in...

387 2044 601 2087 Bononien.
632 2043 875 2086 parochialis
887 2045 1009 2098 super
1039 2046 1333 2087 manutentione

393 2110 463 2145 26.
481 2104 684 2163 ‘Januarii
704 2110 754 2145 16
764 2106 786 2145 8
797 2118 834 2144 2.
852 2108 891 2152 §.
909 2105 1107 2161 Siquidem
1130 2121 1261 2147 coram
1278 2106 1334 2147 bo.

389 2179 504 2206 mem.
526 2167 666 2220 Urfino
685 2194 697 2213 ‚
724 2165 773 2209 ἐφ’
788 2165 830 2205 in
854 2166 1046 2206 colonien.
1063 2165 1248 2220 Beneficii
1264 2178 1334 2216 27.

389 2225 513 2283 ‘Junii
533 2230 660 2275 1696.
679 2230 716 2273 ς.
733 2232 814 2269 Nec
839 2226 967 2280 magis
992 2242 1124 2268 coram
1138 2225 1334 2281 Illustrifi.

387 2289 443 2327 D.
458 2288 603 2341 Magno
620 2286 785 2327 cancell.
804 2286 967 2326 Mediol.

447 2346 502 2387 Et
515 2347 573 2388 ita
588 2357 764 2403 utraque
782 2349 860 2388 &c.

506 2437 1156 2486 ARGUMENTUM.

334 2522 621 2572 Praesentatus
636 2524 802 2572 habens
835 2527 1120 2590 pinguiorem
1139 2544 1330 2576 vocem.-

396 2596 564 2642 caeteris
596 2595 770 2659 paribus
790 2594 843 2641 de
870 2596 963 2658 jure
997 2596 1055 2643 est
1083 2596 1331 2662 gratifican-

400 2663 500 2722 dus,
520 2673 565 2713 &
579 2663 875 2730 praeferendus
891 2667 939 2713 in
955 2668 1136 2730 paritate
1155 2684 1331 2716 vocum.

514 2753 1137 2799 SUMMARIUM.

372 2841 390 2868 1
426 2827 690 2880 Praesentatus
705 2856 718 2876 ,
750 2839 794 2870 ut
809 2829 969 2871 dicatur
995 2830 1138 2871 habere
1151 2831 1332 2887 pinguio-

451 2903 533 2929 rem
551 2902 701 2936 vvcem,
719 2901 811 2942 quot
827 2890 949 2930 modis
966 2890 1190 2946 contingere
1198 2893 1331 2950 pofflt?

359 2960 384 2987 2
417 2948 686 2999 Praesentatus
702 2950 749 2990 ab
765 2950 929 2991 habente
936 2949 1181 3006 pinguiorem
1193 2967 1331 2993 vocem

400 3042 402 3044 ,
447 3007 599 3048 caeteris
608 3007 773 3061 paribus
791 3008 843 3061 est
853 3010 1159 3067 gratificandus,
1174 3012 1224 3054 (θ’
1231 3026 1332 3068 prae-

438 3068 638 3121 ferendus
659 3097 670 3109 .

362 3140 384 3180 3
420 3129 687 3179 Praesentatus
713 3128 854 3171 habens
885 3145 1020 3172 vocem
1042 3131 1331 3187 privativam,

454 3187 503 3229 ὠν
519 3188 811 3230 cumulativam
837 3190 889 3242 est
898 3192 1166 3245 praeferendus
1184 3194 1330 3235 haben-

460 3246 496 3287 ti
512 3261 644 3287 vocem
663 3249 825 3289 tantiaem
841 3252 1128 3295 cumulativam
1142 3283 1154 3293 .

599 3330 896 3374 CASUS
973 3336 1071 3377 IX.

407 3410 516 3464 Ifint
535 3413 620 3455 duo
643 3414 906 3466 Prae'sentati,
931 3433 1110 3475 qnorum
1140 3434 1244 3463 unus
1260 3422 1330 3464 ha-

332 3419 507 3529 Sbeat
519 3474 787 3530 pinguiorem
802 3482 1130 3527 vocem2caeteris
1144 3482 1330 3538 paribus,

710 253 716 259 ,
756 185 1251 273 (Σοωωεηῐπὶξι
1287 185 1369 251 ad
1403 181 1682 271 fingulos
1712 189 2014 252 Canones

1462 309 1611 357 quaero
1637 300 1732 357 quis
1748 312 1895 341 eorum
1929 297 1975 341 fit
2003 296 2332 356 gratificandus,
2358 300 2401 343 δε

1444 378 1447 386 ·
1462 359 1746 415 praeferendus
1766 360 1784 400 ἓ

1408 434 1425 462 1
1462 420 1543 463 Rro
1573 419 1861 474 intelligentia
1890 418 2012 471 hujus
2044 419 2282 477 quaestionis
2317 418 2399 466 dua

1395 3136 1417 3177 3

1459 480 1629 536 pliciter
1641 479 1892 534 contingere
1909 478 2046 535 potest
2060 507 2074 528 ,
2105 477 2401 529 ut-Praesentaq

1461 552 1531 582 tus
1549 539 1717 580 dicatur
1735 540 1890 581 habere
1918 540 2185 595 pinguiorem
2217 553 2393 586 vocem.

1458 599 1602 641 Primo
1619 613 1670 640 ex
1687 612 1740 641 eo
1770 627 1784 647 ‚
1817 599 1917 656 quia
1932 597 1979 641 iit
1994 597 2262 654 praesentatus
2279 599 2303 644 ὲ
2319 600 2396 642 Pa-

1461 669 1590 702 trono
1606 659 1771 700 ratione
1784 656 2106 707 fundationis‚&
2122 658 2395 703 construetio-

1460 719 1524 760 nis
1546 747 1558 767 ,
1574 730 1642 760 aut
1659 719 1849 760 instituto
1867 718 2032 762 haerede
2052 720 2095 760 in
2113 720 2259 772 majori
2275 731 2398 775 parte

1458 778 1718 823 haereditatis
1736 778 1984 820 Fundatoris
2005 807 2018 827 ‚
2035 780 2103 820 cui
2124 778 2171 821 fit
2188 792 2396 823 annexum

1455 836 1783 894 Juspatronatus
1800 866 1813 886 ,
1845 841 1883 881 &
1902 838 2007 880 alius
2023 838 2070 881 fit
2086 838 2356 895 praesentatus
2371 838 2401 885 ἡ,

1460 898 1834 943 Parronoeratione
1850 895 1977 940 solius
1995 899 2234 942 dotationis
2251 912 2316 940 ex.
2331 911 2397 956 gt.

1460 969 1531 1000 aut
1545 955 1734 1000 instituto
1751 959 1974 1001 haeredein
1991 960 2144 1001 minori
2160 970 2279 1016 parte
2294 987 2306 999 .
2322 959 2400 1011 Se-

1460 1018 1602 1068 cundo
1617 1032 1668 1060 ex
1688 1031 1741 1060 eo
1760 1046 1774 1067 ,
1806 1020 1906 1075 quia
1931 1020 2398 1076 competenteJutepa-

1462 1090 1656 1121 tronatus
1681 1078 1872 1134 pluribus
1906 1079 2099 1121 Patronis
2135 1081 2198 1122 uti
2227 1079 2398 1137 {iugulis

1461 1152 1566 1181 unus
1585 1152 1636 1179 ex
1666 1139 1726 1180 eis
1752 1136 2063 1194 praesentaverit
2086 1140 2204 1182 iilum
2222 1139 2399 1195 privati-2¹

1462 1199 1541 1247 νὲ,
1559 1202 1598 1241 &
1615 1198 1719 1239 alius
1737 1199 2044 1241 accumulative
2061 1228 2074 1248 ‚
2104 1201 2211 1241 itaut
2226 1197 2310 1256 ipse
2322 1200 2399 1242 ha..

1461 1258 1561 1300 beat
1579 1272 1700 1300 unam
1714 1272 1862 1301 vocem
1882 1261 2134 1314 privativam
2151 1289 2163 1308 ,
2191 1264 2231 1302 &
2248 1273 2398 1312 unam,¹

1459 1319 1809 1364 accumulatIvam
1826 1347 1840 1367 ,
1873 1317 2269 1375 Compraesentatus
2291 1320 2397 1365 ver&

1460 1378 1617 1424 habeat
1633 1392 1756 1421 unam
1784 1392 1934 1422 vocem
1963 1380 2125 1422 tantum
2155 1380 2396 1433 accumula-2-

1460 1439 1589 1487 tivam
1614 1468 1626 1479 .
1659 1439 1706 1480 In
1724 1451 1906 1496 utroque
1920 1436 2012 1482 casu
2038 1437 2311 1484 Praesentatus
2329 1439 2399 1482 di-

1461 1501 1572 1543 citur
1601 1499 1757 1542 habere
1786 1500 2054 1558 pinguiorem
2080 1515 2228 1544 vocem
2257 1529 2269 1542 .
2299 1502 2396 1544 Hoc

1459 1558 1598 1615 posito
1617 1587 1630 1607 ‚

1520 1616 1774 1675 Respondco
1797 1621 1850 1663 ad
1868 1622 2135 1678 quaestionem
2153 1652 2165 1664 .
2196 1623 2243 1666 In
2259 1623 2396 1679 ptime

1460 1676 1555 1723 casu
1573 1677 1850 1723 Praesentatus
1868 1682 1891 1723 ὲ
1909 1683 2094 1725 Patrono
2115 1683 2399 1732 institutohae⁴

1460 1738 1561 1782 rede
1593 1741 1636 1782 in
1654 1740 1801 1792 majori
1821 1753 1937 1797 parte
1956 1741 2214 1787 haereditatis
2237 1743 2399 1786 Funda-

1459 1800 1583 1848 toris,
1601 1800 1668 1840 cui
1686 1799 1734 1842 fit
1750 1814 1956 1844 annexum
1967 1800 2307 1858 JuspatronatuS,
2324 1802 2393 1850 vel

1461 1860 1485 1901 a
1509 1861 1694 1902 Patrono
1712 1863 1878 1904 ratione
1893 1861 2157 1906 fundationis
2173 1892 2187 1912 ‚
2218 1868 2268 1908 ὃς
2286 1876 2393 1907 con-

1459 1920 1693 1961 struffionis
1711 1921 1767 1962 est
1780 1920 2079 1977 gratificandus
2093 1952 2106 1972 ,
2119 1928 2155 1966 δι
2170 1922 2396 1981 ριέἷετειι,

1460 1979 1539 2021 dus
1557 1978 1903 2035 compraesentato
1930 1981 1961 2034 a
1986 1984 2171 2025 Patrono
2205 1983 2396 2028 instituto

1458 2039 1624 2081 haerede
1640 2042 1683 2081 in
1700 2043 1850 2083 minori
1870 2055 1987 2097 parte
2004 2042 2350 2093 haereditatum&
2368 2043 2393 2088 ὲ

1460 2101 1647 2143 Patrono
1663 2103 1829 2143 ratione
1847 2099 1973 2145 solius
1993 2103 2228 2146 dotationis
2253 2119 2264 2150 ;
2292 2104 2395 2162 quia

1462 2161 1673 2202 Patronus
1695 2161 1906 2204 institutus
1924 2164 2053 2204 haeres
2084 2165 2126 2204 in
2145 2163 2293 2217 majori
2307 2177 2398 2220 par-

1457 2231 1500 2262 tc
1515 2221 1771 2262 haereditatis
1787 2222 2038 2265 Fundatoris
2053 2251 2068 2271 ‚
2098 2236 2168 2265 aut
2185 2225 2391 2268 Patronus

1455 2281 1623 2323 ratione
1641 2280 1920 2331 fundationis,
1934 2287 1973 2326 δε
1989 2283 2308 2329 constructionis
2325 2283 2392 2328 di-

1455 2342 1563 2383 citur
1574 2340 1731 2383 habere
1749 2343 2015 2400 pinguiorem
2034 2357 2184 2386 vocem
2199 2373 2212 2393 ,
2238 2349 2395 2401 &prae-

1456 2399 1644 2446 scutatus
1659 2401 1711 2443 ab
1727 2402 1909 2445 habente
1925 2404 2193 2461 pinguiorem
2211 2417 2393 2447 vocem.»

1456 2462 1619 2504 caeteris
1636 2462 1820 2517 paribus,
1842 2462 1912 2505 nifi
1929 2463 2035 2505 alius
2054 2461 2323 2519 praesentatus
2343 2462 2390 2506 fit

1455 2522 1509 2562 de
1523 2519 1721 2576 sanguine
1733 2522 2060 2572 Fundatoris,est
2077 2523 2391 2582 gratificandus,

1456 2584 1496 2641 δι
1507 2580 1810 2637 praeferendus,
1825 2583 2064 2625 Lambertin.
2077 2586 2123 2625 de
2131 2585 2388 2640 jun-patron.

1454 2641 1711 2695 lib.2.par.3.
1728 2659 1768 2698 q.
1792 2657 1806 2683 1
1819 2654 1952 2692 5.art.
1971 2649 2036 2686 16.
2051 2659 2157 2686 num.
2180 2657 2219 2695 ς.
2237 2672 2251 2693 ,
2267 2643 2390 2686 Pani-

1454 2701 1560 2743 moll.
1576 2702 1686 2755 decis
1709 2716 1802 2756 137.
1820 2718 1922 2744 num.
1943 2717 1961 2754 5
1976 2717 2012 2746 1.
2032 2710 2136 2747 Rota
2152 2704 2266 2757 decis.
2286 2705 2390 2756 875.
2411 2752 2413 2754 ,

1454 2775 1607 2803 num-2-
1624 2777 1754 2803 coram
1768 2763 1970 2816 Seraphin.
1985 2793 1998 2813 ‚
2016 2763 2064 2808 ὁ·
2083 2765 2123 2806 in
2140 2761 2392 2808 Laudemca-

1454 2821 1658 2864 nonicatus
1677 2837 1746 2875 27.
1758 2823 1881 2882 “Junii
1900 2829 2028 2873 1696.
2049 2829 2087 2874 §.
2102 2825 2268 2883 Ceffizre,
2283 2823 2332 2869 (θ’
2349 2827 2388 2872 S.

1442 2882 1564 2937 final.
1580 2897 1710 2924 coram
1725 2883 1785 2924 bo.
1802 2897 1876 2924 me.
1891 2885 2056 2927 Emerix
2078 2915 2090 2934 ‚
2104 2899 2194 2942 quae
2208 2884 2268 2926 est·
2280 2884 2389 2927 inter

1455 2942 1543 2993 ejus
1564 2941 1773 2998 impressas
1799 2949 1926 2994 1361.
1945 2945 2020 2993 ,ἐφ’
2038 2957 2077 2996 3.
2093 2943 2243 2986 Martii
2263 2948 2390 2995 1697.

1456 3007 1496 3050 §.
1508 3002 1780 3045 individuitas
1813 3019 1942 3046 coram
1971 2996 2237 3058 Eminentfslc:
2246 3006 2295 3045 de
2311 3005 2390 3047 la...-

1455 3057 1683 3107 Tremoilless

1511 3123 1559 3164 In
1573 3120 1758 3166 secundo
1785 3125 1886 3167 vero
1908 3124 2002 3168 casu
2020 3154 2033 3175 ‚
2048 3126 2090 3167 in
2109 3138 2196 3182 quo
2209 3121 2391 3173 Praesen-

1452 3194 1567 3224 tatus
1579 3184 1733 3225 habeat
1763 3197 1884 3226 unam
1903 3200 2052 3229 vocem
2069 3185 2335 3242 privativam,
2348 3189 2391 3233 ὃς

1452 3243 1576 3284 aliam
1595 3243 1945 3288 accumulativam
1965 3274 1980 3295 ,
2015 3249 2071 3291 est
2087 3246 2212 3287 etiam
2227 3243 2388 3303 gratifi->

1451 3303 1611 3345 candus
1627 3332 1640 3352 ,
1666 3307 1707 3347 &
1728 3303 2016 3360 praeferendus
2047 3303 2295 3361 praesentato
2314 3305 2390 3350 ha-

1453 3363 1573 3404 benti
1601 3377 1722 3405 unam
1747 3378 1898 3406 vocem
1928 3365 2090 3407 tantum
2113 3365 2389 3407 accumulati.-

1454 3436 1566 3472 vam,
1581 3422 1738 3465 etiamfi
1755 3424 1845 3473 iste,
1861 3427 1936 3481 qui
1955 3425 2083 3473 habet
2098 3439 2247 3468 vocem
2265 3438 2389 3467 accu-

1454 3483 1695 3528 mulativam
1717 3483 1762 3525 fit
1790 3482 2126 3544 consanguineus
2146 3513 2160 3534 ,
2190 3497 2260 3526 aut
2291 3486 2390 3525 ido-

2294 3557 2387 3586 nior

2485 1950 2502 2064 Ξ

2490 2065 2502 2227 Ξ
