2456 3802
288 215 415 283 570

278 325 331 357 tae
347 313 546 355 Romanae
560 306 734 351 circiter
762 306 1048 351 Beneficiatus
1075 309 1239 352 obtulit

275 374 493 418 annuatim
523 367 663 412 Missas
690 370 911 413 dumtaxat
942 373 1015 421 36.
1037 370 1241 428 quemad-

274 434 451 479 modum
463 431 553 484 ejus
572 428 899 474 Praedeceffores
926 431 981 473 ab
1013 431 1239 474 immemo-

274 494 401 537 rabili
415 506 611 549 tempore
627 490 947 549 persolverunt,
965 491 1040 535 fibi
1057 493 1239 535 ulterius

270 551 531 614 persuadens
550 553 633 606 jam
649 553 751 596 dicti
762 552 967 596 Beneficii
987 567 1118 597 onera
1147 568 1242 597 rno-

271 617 422 660 derata
432 613 550 657 fuiffe
570 615 615 657 in
629 615 820 672 generali
836 615 1239 673 reductione,quam

272 678 380 723 olim
407 676 653 734 impartitus
684 675 765 717 fuit
787 676 999 718 Nicolaus
1026 677 1079 718 V.
1108 675 1238 718 Unde

274 738 481 796 quaeritur
497 765 511 786 ,
527 736 582 778 ad
601 747 712 793 quot
728 733 871 777 Miffas
885 746 1085 779 teneatur
1100 737 1239 779 Bene-

276 798 455 842 ficiatus
472 798 491 838 ἒ

333 850 592 914 Respondeo
608 857 746 901 teneri
761 857 909 915 quoad
923 854 1065 900 Missas
1083 858 1136 900 ad
1150 859 1238 901 for.

271 932 383 963 mam
414 916 682 961 fundationis
715 919 816 977 quia
835 915 1078 972 hujusmodi
1094 920 1241 962 oneri-

272 982 354 1023 bus
372 977 580 1035 impofitis
593 979 637 1020 in
649 979 796 1021 limine
811 977 1085 1023 fundationis
1105 980 1239 1023 dero-

274 1040 367 1100 gari
385 1053 471 1084 non
484 1039 626 1097 potest
640 1040 759 1094 juxta
775 1036 1240 1098 dispositionem-Con-

273 1101 366 1145 cilii
384 1100 631 1159 cap.4.seffi2
643 1113 662 1152 5
692 1102 740 1141 de
750 1099 912 1154 reform.

334 1164 441 1206 Non
475 1163 615 1206 obstat
649 1162 822 1204 ultimus
871 1162 1000 1205 status
1028 1161 1236 1205 Beneficii

271 1237 368 1266 cum
383 1223 714 1265 immemorabili
731 1251 744 1272 ‚
759 1220 925 1266 scilicet
940 1252 954 1272 ,
970 1223 1091 1281 quod
1103 1226 1238 1267 Bene-

271 1283 441 1326 ficiatus
459 1281 594 1326 solum
614 1284 806 1326 celebret
824 1284 877 1327 ab
895 1285 1234 1328 immemorabili

273 1343 415 1386 Miffas
435 1348 506 1396 36.
525 1345 628 1402 quia
658 1345 833 1388 ultimus
846 1348 972 1390 status
993 1347 1121 1388 etiam
1136 1359 1231 1388 cum

269 1406 603 1448 immemorabili
621 1419 708 1448 non
739 1407 981 1449 attenditur
1004 1435 1019 1457 ,
1053 1407 1230 1465 quando

267 1465 384 1509 adest
405 1465 517 1508 clara
548 1467 619 1508 lex
635 1466 903 1510 fundationis
925 1468 1052 1511 aliter
1080 1464 1231 1524 dispo-

274 1541 382 1569 nens
396 1555 411 1577 ,
427 1532 519 1570 Rot.
534 1529 726 1580 dec-737.
741 1534 826 1569 n.6.
840 1542 983 1584 par.2.
998 1527 1147 1578 rem&
1163 1528 1230 1570 de-

271 1588 446 1642 cg‘fizzq.
461 1601 699 1643 n.3.par.1.
718 1603 797 1630 rec.

330 1650 432 1691 Haec
463 1649 658 1694 reductio
693 1649 768 1692 dd.
799 1663 977 1692 onerum
1003 1649 1058 1691 ad
1086 1647 1228 1692 Missas

264 1714 294 1762 ‘3
304 1713 361 1756 6.;
377 1723 470 1768 quae
485 1708 745 1767 praesumitur
762 1707 869 1752 fasta
887 1711 940 1752 de
960 1723 1079 1753 anno
1098 1723 1175 1762 145
1188 1724 1227 1752 2.

265 1771 420 1826 vigore
435 1767 650 1823 cujusdam
662 1770 823 1812 Indulti
836 1770 1075 1827 Apostolici
1092 1772 1232 1814 Nico-

266 1830 325 1872 lai
340 1831 392 1872 V.
407 1827 595 1873 sustineri
610 1828 724 1888 posse
745 1829 943 1881 videtur,
971 1832 1071 1890 quia
1087 1829 1230 1887 hujus-

266 1890 388 1934 modi
405 1890 623 1934 Indultum
639 1891 842 1934 concedit
873 1891 1124 1935 facultatem
1147 1894 1232 1936 Or-

265 1951 434 1994 dinatio
451 1950 687 1995 reducendi
715 1966 847 1995 onera
874 1952 1229 2005 Beneficiorum,

263 2013 444 2054 attentis
465 2013 678 2055 tenuitate
696 2041 710 2062 ,
737 2017 776 2056 &
789 2014 998 2071 qualitate
1017 2014 1226 2057 distorum

263 2071 600 2116 Beneficiorum.
636 2073 766 2115 Unde
798 2074 894 2117 ciim
922 2074 1081 2117 fructus
1125 2075 1226 2120 dieti

262 2132 469 2177 Beneficii
480 2132 680 2177 ascendat
696 2134 751 2176 ad
763 2131 880 2177 scuta
895 2139 983 2186 65„
1005 2139 1044 2178 δε
1061 2135 1113 2177 fic
1129 2150 1225 2179 cum

265 2193 360 2247 ejus
377 2194 574 2237 redditus
588 2208 676 2238 non
693 2193 770 2237 fint
786 2195 897 2239 adeo
912 2208 1093 2246 tenues,
1109 2210 1225 2240 ηοω

263 2266 440 2312 poterat
469 2256 722 2299 Ordinarius
754 2256 960 2298 reducere
1002 2258 1225 2313 praedicta...

263 2329 397 2358 onera
408 2315 462 2358 ad
491 2313 627 2359 solum
654 2329 763 2359 onus
793 2314 1005 2359 Miffarum
1024 2322 1094 2371 36.
1129 2317 1223 2362 cum

263 2375 454 2418 reductio
471 2374 658 2418 sustineri
676 2390 761 2418 non
777 2377 924 2432 poffit;
953 2376 1026 2418 nifi
1043 2391 1225 2421 concur-

263 2448 388 2481 rente
405 2437 619 2478 tenuitate
637 2435 884 2478 reddituum
904 2466 916 2485 ,
933 2437 1043 2479 itaut
1062 2451 1148 2481 non
1166 2438 1227 2482 fa-

261 2496 349 2539 cile
365 2496 638 2544 inveniatur,
666 2497 741 2554 qui
770 2510 849 2552 pro
865 2497 927 2539 eis
951 2498 1059 2540 velit
1090 2499 1223 2544 dietas

261 2555 406 2599 Missas
425 2556 647 2599 celebrare
664 2586 678 2606 ‚
703 2557 864 2611 Barbas]
882 2558 938 2599 ad
950 2558 1095 2600 Concil.
1129 2559 1171 2601 T
1167 2560 1226 2602 ri-

262 2619 373 2660 dent.
371 2618 464 2676 sfff
472 2630 538 2666 24.
561 2618 609 2658 de
623 2617 834 2672 refhrmat.
865 2631 992 2673 cap.4.
1024 2620 1223 2673 Amostaz.

262 2679 311 2719 de
328 2679 433 2731 cauſs
442 2678 525 2732 piis
539 2677 653 2719 lib.2.
670 2691 781 2733 capa
794 2692 833 2720 2.
855 2692 939 2720 n.1.
956 2708 970 2729 ‚
987 2680 1036 2723 ὡ
1042 2681 1163 2736 seqq.

321 2739 377 2780 Et
392 2741 452 2780 ita
467 2737 549 2780 fuit
565 2736 800 2781 resolutum
816 2740 857 2781 in
873 2739 1036 2782 Mutien
1063 2757 1223 2784 onerum

258 2800 474 2860 Mffurum
495 2799 705 2859 25.‘Junii
724 2813 854 2851 1712.

333 2906 1085 2963 ARGUMENTUM.

201 3019 287 3070 An
318 3019 562 3074 redud‘tio
600 3039 824 3075 onerum
840 3018 867 3073 εὶ
901 3019 1221 3078 Fundatore,

281 3095 653 3172 impolitorum
671 3099 807 3154 faeta
830 3097 893 3153 ab
914 3121 979 3155 eo
994 3139 1010 3162 ‚
1031 3102 1121 3175 qui
1137 3120 1222 3156 ex-

282 3176 428 3232 ceffit
454 3178 648 3235 limites
669 3178 1046 3235 commissionis
1067 3182 1221 3236 redu-

275 3256 465 3310 &ionis
486 3256 829 3316 sustin-eatur?

409 3380 1029 3428 SUMMARIUM.

236 3478 255 3507 1
292 3463 492 3508 Reduaio
509 3467 790 3520 onerumfac‘i'a
804 3469 854 3510 ab
873 3484 914 3509 eo
929 3497 943 3517 ,
968 3468 1040 3525 qui
1066 3467 1224 3526 exceffi't

325 3526 479 3571 limites
493 3525 754 3585 commiffionis
769 3528 1009 3572 redufflonis
1024 3529 1225 3583 nonfisti-

685 185 1182 256 commentaria
1214 183 1297 256 'ad
1331 185 1616 278 fingulos'
1645 192 1949 261 canones

1425 319 1547 351 netur
1576 337 1591 358 ,
1613 308 1776 366 etiamst
1798 309 1841 350 in
1862 307 2108 368 commiffione
2137 312 2325 370 legantur
2387 363 2388 366 Ἴ
2410 331 2413 355 ῑ

1421 369 1553 412 verba
1565 395 1610 404 --
1641 370 1728 414 Pro
1744 367 1821 415 suo
1836 371 2018 415 arbitrio
2033 373 2140 416 --Et
2161 387 2250 417 n.2.

1540 470 1582 513 C
1614 468 1655 513 A
1687 470 1716 513 S
1746 470 1790 510 U
1819 470 1847 512 S
1911 470 2084 514 XXV.

1296 555 1365 666 S
1379 548 1625 606 Uppliciter
1638 561 1886 607 exponente
1902 547 2319 594 Archieonfiaterni-
2394 547 2400 602 j
2412 543 2419 592 ξ’

1283 2931 1300 2960 1

1399 622 1488 653 tate
1506 611 1644 654 Beatae
1662 611 1810 653 Mariae
1828 607 2043 667 Suffragii,
2058 608 2100 654 se
2113 611 2318 669 imparem

1350 672 1529 715 omnino
1558 671 1639 714 effe
1670 672 1923 731 quindecim
1941 668 2155 715 Miffarum
2171 674 2318 717 oneri-

1351 732 1433 775 bus
1450 733 1678 789 explendis
1696 746 1788 776 tum
1807 734 1868 776 ob
1884 732 2125 776 diminutos
2141 747 2324 777 eorum.)-

1350 794 1594 895 capitalium
1623 793 1813 844 fruetus,
1831 807 1920 838 tum
1949 807 2133 853 quoque
2149 822 2166 844 ‚
2192 795 2318 854 quod

1351 867 1406 895 nu
1428 855 1484 896 lis
1500 855 1750 911 potiebatur
1766 855 2010 898 redditibus
2036 884 2052 906 ,
2083 868 2197 915 quos
2222 869 2320 900 ero-

1349 927 1453 971 gare
1467 915 1590 973 poffit
1606 928 1687 973 pro
1706 913 1832 959 sacris
1850 915 2108 975 peragendis
2125 944 2140 965 ‚
2156 928 2313 975 atqueae

1348 975 1542 1018 Ecclefiae
1567 974 1689 1020 sartis
1713 979 1837 1022 tectis
1871 974 2174 1021 conservandis
2203 977 2314 1031 jama
2396 1011 2399 1015 Δ

1347 1035 1426 1079 sub
1443 1037 1515 1079 die
1531 1050 1573 1088 9.
1587 1038 1752 1096 Aprilis
1770 1050 1901 1092 1707.
1919 1038 2046 1081 Sacra
2058 1038 2316 1096 Congrega-
2396 1035 2400 1080 s

1348 1098 1413 1140 tio
1429 1097 1618 1155 benigne
1641 1099 1851 1142 commitit
1880 1099 1983 1141 clar.
1999 1111 2126 1142 mem.
2155 1099 2314 1143 Cardi-

1348 1159 1436 1200 nali
1458 1159 1658 1215 Caprarae
1672 1171 1774 1202 tunc
1791 1160 2031 1204 Protectori
2049 1189 2063 1211 ,
2081 1170 2129 1202 ut
2141 1159 2314 1217 praefata

1349 1220 1498 1264 omnia
1529 1218 1740 1263 Miffarum
1775 1234 1911 1264 onera
1929 1220 2048 1275 juxta
2062 1222 2317 1278 proportio-
2353 1226 2356 1229 ’

1348 1292 1489 1323 natam
1513 1282 1801 1340 quantitatem
1833 1281 2077 1324 reddituum
2093 1285 2175 1325 &a
2192 1282 2315 1326 dem-

1343 1353 1422 1398 pto
1439 1341 1556 1398 prius
1572 1343 1707 1386 obulo
1721 1356 1800 1401 pro
1815 1343 2013 1402 qualibet
2028 1340 2147 1385 Musa
2159 1343 2203 1386 in
2216 1356 2314 1388 cau·-

1342 1400 1426 1444 sam
1443 1405 1667 1447 Sacrorum
1684 1403 1926 1447 utenfilium
1943 1402 2186 1461 erogando,
2200 1418 2314 1464 qua-

1343 1475 1470 1506 tenus
1498 1463 1682 1507 Ecclefia
1714 1478 1801 1509 non
1833 1464 1996 1507 habeat
2026 1463 2231 1507 redditus
2260 1466 2315 1508 ad

1341 1525 1455 1566 hunc
1488 1522 1684 1568 effeetum
1716 1525 1979 1583 assignatos,
1999 1524 2054 1567 ad
2073 1526 2316 1569 rationem-e

1340 1583 1623 1642 eleemosynae
1640 1587 1848 1630 manualis
1864 1601 1944 1642 pro
1962 1583 2039 1629 suo
2059 1586 2259 1637 arbitrio,
2271 1591 2314 1631 &

1342 1645 1573 1703 prudentia
1605 1647 1780 1689 reducat
1806 1664 1817 1693 ς
1863 1646 2027 1690 Verum
2067 1647 2180 1690 enim
2205 1649 2311 1692 vero

1340 1707 1626 1763 praelaudatus
1670 1707 1920 1749 Cardinalis
1967 1708 2192 1750 Protetstor
2233 1708 2310 1753 fibi

1341 1767 1508 1811 collato
1541 1779 1665 1810 utens
1693 1768 1875 1810 arbitrio
1906 1795 1920 1816 ,
1954 1767 1998 1811 in
2009 1768 2280 1813 reductione.»
2293 1798 2309 1820 ,

1342 1842 1470 1888 quam
1505 1841 1712 1871 executus
1735 1826 1816 1872 fuit
1845 1829 1998 1871 nedum
2028 1828 2205 1878 obulum
2227 1844 2308 1888 pro

1341 1889 1540 1947 qualibet
1560 1887 1679 1932 Missa
1693 1890 1851 1932 deduci
1863 1888 1998 1943 juffit.
2029 1889 2187 1934 Verum
2213 1892 2312 1950 qui-

1341 1951 1440 1993 dem
1456 1950 1562 1992 alias
1579 1947 1827 1993 necessarias
1841 1947 2048 2006 impensas
2065 1951 2177 1994 ultra
2189 1963 2307 1996 uten-

1344 2010 1431 2054 filia
1445 2039 1457 2059 ‚
1474 2011 1674 2053 Sacristiae
1690 2009 1872 2060 scilicet,
1887 2012 2161 2056 Clericotum
2177 2009 2309 2056 inser-

1339 2073 1408 2115 vie
1419 2072 1555 2115 ntium
1574 2071 1718 2121 Minis,
1743 2072 1965 2115 Exactoris
1978 2100 1992 2121 ,
2008 2075 2050 2116 δι
2061 2073 2307 2117 Ratiocina-

1343 2133 1455 2176 toris
1472 2161 1485 2182 ‚
1501 2133 1697 2191 aliaque,
1715 2145 1763 2175 ut
1776 2134 1945 2192 inquit,
1960 2132 2013 2175 ad
2030 2131 2214 2178 formam
2223 2134 2300 2178 de-

1340 2196 1449 2236 creti
1465 2191 1632 2250 septimi
1644 2193 1779 2236 Sacrae
1792 2195 2166 2253 Congregationis
2179 2195 2304 2240 Con-

1337 2255 1426 2296 cilii
1443 2282 1458 2302 ‚
1472 2253 1527 2296 de
1541 2254 1836 2297 celebratione
1852 2252 2067 2298 Musarum
2082 2284 2095 2304 ,
2115 2256 2170 2298 de
2183 2256 2300 2310 jure,

1343 2314 1600 2358 deducenda
1615 2339 1629 2348 -
1661 2316 1772 2358 Hinc
1789 2316 2023 2360 Promotor
2041 2315 2215 2360 Fiscalis
2232 2318 2307 2362 Vi·-

1344 2375 1555 2419 fitationis
1576 2375 1835 2432 Apostolicae
1850 2388 2074 2419 autumans
2103 2377 2305 2423 Eminen-
2386 2387 2387 2390 ’

1343 2436 1534 2480 tiffimum
1549 2437 1746 2479 eumdem
1762 2437 2054 2482 l'rotestorem
2067 2438 2112 2480 in
2122 2451 2302 2483 comme.

1339 2510 1506 2541 morata
1525 2498 1791 2542 detractione
1810 2495 2012 2541 exceffisse
2027 2526 2042 2547 ,
2058 2496 2298 2557 disputata..

1335 2556 1508 2601 fuerunt
1525 2555 1752 2616 sequenti-a
1769 2557 1901 2601 dubia
1919 2587 1931 2601 .

1364 2670 1369 2674 .
1404 2618 1547 2661 Primo
1565 2649 1576 2660 .
1609 2623 1671 2661 An
1693 2648 1707 2669 ‚
1738 2618 1788 2663 (θ’
1803 2621 1989 2677 quomodo
2004 2619 2182 2662 redama
2195 2621 2301 2677 Ms-

1326 2679 1658 2734 sarumperafl'a
1683 2679 1711 2721 d
1741 2680 1839 2722 clar.
1869 2694 1984 2722 mem.
2000 2681 2208 2724 Cardinali
2222 2688 2301 2726 Ca-

1336 2751 1467 2794 prara
1475 2740 1725 2794 sustineatur
1743 2769 1756 2789 ,
1773 2742 1824 2784 (θ’
1839 2754 2036 2797 quatenus
2052 2742 2266 2799 negative).

1398 2801 1599 2844 Secundo
1615 2832 1626 2844 .
1657 2806 1720 2844 An
1721 2804 1781 2858 sit
1789 2802 1893 2843 locus
1901 2803 2135 2856 sanationis
2151 2803 2297 2860 velpa-

1335 2861 1486 2917 tibsstt
1500 2863 1742 2904 concedenda
1762 2876 1871 2903 nova
1885 2863 2062 2906 reduHio
2076 2892 2088 2905 .

1393 2922 1466 2964 Ad
1497 2924 1677 2978 primum
1693 2921 2041 2980 respondendum
2062 2922 2296 2969 sentiebam

1336 2980 1578 3034 hujusmodi
1594 2984 1886 3026 reductionem
1904 2983 2115 3029 Miffarum
2131 2983 2300 3030 sustine-

1335 3043 1371 3084 ri
1387 3071 1405 3100 ³
1419 3044 1566 3100 quoad
1584 3043 1885 3088 deductionem
1903 3045 2024 3089 obuli
2041 3047 2084 3090 in
2102 3048 2296 3105 qualibet

1336 3101 1458 3146 Missa
1492 3118 1570 3160 pro
1604 3102 1728 3147 sacris
1758 3106 2007 3149 utenfilibus
2034 3135 2048 3157 ‚
2072 3121 2158 3151 non
2189 3106 2293 3152 verb

1336 3164 1484 3222 quoad
1501 3165 1801 3210 deduetionem
1816 3168 1990 3210 aliarum
2005 3167 2291 3225 expensatum,

1336 3223 1506 3267 scilicet
1523 3239 1601 3282 pro
1623 3228 1814 3270 Sacristia
1832 3256 1846 3278 ,
1871 3228 2055 3270 Clericis
2083 3226 2209 3271 Miffis
2225 3228 2293 3270 in-

1336 3283 1642 3337 servientibus,
1660 3288 1882 3337 Exastore,
1899 3292 1941 3331 &
1955 3288 2298 3346 Ratiocinatore„

1337 3348 1553 3402 Qoniam
1580 3349 1709 3391 Sacra
1738 3351 2042 3406 Congregatio
2066 3363 2107 3400 9.
2126 3349 2289 3405 Aprilis

1342 3420 1358 3446 1
1371 3420 1472 3459 707.
1488 3409 1709 3452 commiffit
1727 3411 1951 3455 Cardinali
1965 3411 2160 3465 Caprarae
2188 3409 2290 3453 bon.

1337 3481 1462 3510 mem.
1483 3479 1583 3511 tunc
1610 3472 1847 3513 Protestori
1875 3469 2292 3513 Archiconfraterni-

1336 3530 1439 3573 tatis
1459 3530 1596 3573 Beatae
1613 3529 1960 3588 MariaeSuffragii
1971 3558 1985 3581 ‚
1998 3530 2287 3575 reductionem

2175 3605 2288 3652 quo-
