2456 3802
0 2083 2 2123 l

0 2129 13 2163 k,

65 2146 98 2188 4

0 3547 9 3602 t‘

85 572 109 616 3

0 3230 3 3267 7
69 3236 91 3276 5

462 199 563 263 De
574 198 787 289 Jurep.
805 199 941 264 Par.
956 201 1028 264 ΙΙ.
1051 205 1213 268 Can.
1230 206 1488 273 XXVII.
1511 205 1653 272 Cas:
1663 209 1738 276 V.

132 314 186 366 siz
207 340 220 360 ‚
249 321 342 353 tunc
363 324 440 352 non
446 304 586 368 poffltit
615 314 756 367 apponi
775 312 868 368 post
887 314 1104 368 fundatio-

142 388 228 414 nem
231 373 414 428 stautem
415 373 501 428 sint
532 373 649 415 utilia
681 375 879 431 Ecclefiae,
905 375 978 417 vel
990 391 1105 418 non-2

135 433 430 488 praejudicialia
449 464 462 484 ‚
478 435 528 478 (9-
542 445 636 476 tunc
639 435 740 490 fieri
745 436 884 494 pofflnt
902 465 915 485 2
931 440 1026 491 quia
1039 434 1104 476 ni-

145 492 261 547 hilest
273 523 288 543 ‚
314 494 420 550 quad
429 507 615 553 repugnet
630 523 672 530 --

205 556 364 599 Verum
380 556 461 598 hoc
479 570 564 599 non
582 557 774 599 obstante
790 555 945 600 censeo
957 557 1103 600 dicen-

145 613 354 664 dum‚non
365 615 478 673 posse
498 614 750 673 Episcopum
764 619 984 674 imponere
1001 619 1099 659 huic

140 674 289 733 legato
310 678 476 721 dotium
510 679 750 733 praeditstam
769 681 1068 726 conditionem
1086 696 1098 725 ς

137 736 227 779 haec
261 739 374 781 enim
393 739 450 781 est
479 736 777 795 praejudicialis
796 752 882 781 tum
921 741 1099 782 habenti

139 796 207 851 jus
225 800 472 842 nominandi
496 802 675 844 activum
692 829 705 849 ‚
734 813 822 842 tum
839 802 1014 842 habenti
1030 800 1096 853 jus

142 860 393 903 nominandi
407 860 599 917 paffivum
615 862 666 903 ad
684 862 758 903 has
778 863 919 904 dotes.
936 863 990 903 Et
1003 861 1099 919 qui-

141 919 239 962 dem
257 921 314 963 est
338 922 632 977 praejudicialis
672 923 846 964 habenti
876 923 940 975 jus
959 923 1098 964 nomi-

141 981 272 1025 nandi
290 983 482 1028 astivurm
501 985 600 1040 quia
620 983 708 1032 eius
728 985 878 1040 vigore
898 984 1097 1042 Congre-

143 1044 266 1099 gatio
283 1055 369 1084 non
403 1043 579 1085 haberet
608 1044 787 1099 amplius
820 1044 1026 1099 amplam,
1056 1048 1095 1087 δι

139 1102 319 1145 liberam
333 1101 580 1146 facultatem
603 1104 674 1146 fibi
693 1106 896 1146 tributam
914 1105 936 1146 a
956 1105 1098 1146 Testa-

140 1173 239 1207 tore
256 1164 504 1207 nominandi
530 1163 816 1223 quascumque
837 1165 1004 1207 Puellas
1019 1164 1095 1207 de)

140 1222 233 1275 ejus
263 1223 431 1267 Patria:
465 1225 713 1269 Dummodo
745 1225 822 1268 fine
855 1228 1065 1282 Pauperes
1081 1253 1095 1274 ,

137 1282 322 1327 honestae
338 1313 352 1334 ,
368 1288 407 1327 δε
422 1285 543 1328 bonae
554 1284 700 1333 famae;
734 1287 818 1329 Sed
833 1285 934 1329 effer
948 1287 1095 1331 adstri-
1117 1289 1119 1291 ’

137 1347 203 1389 sta
230 1358 285 1386 no
295 1347 452 1388 minare
483 1345 614 1390 solum
647 1348 741 1389 illas
773 1348 939 1389 Puellas
954 1376 968 1396 ,
997 1361 1091 1405 quae

135 1402 508 1462 frequentaverint
524 1409 771 1451 Doctrinam
789 1409 1064 1450 Christianam
1081 1423 1094 1453 ς

133 1463 246 1507 Esset
263 1467 390 1508 etiam
406 1468 700 1522 praejudicialis
731 1470 905 1511 habenti
931 1468 995 1519 jus
1013 1482 1093 1510 no-

133 1527 327 1569 minandi
351 1527 545 1582 paffivum
564 1558 578 1578 ,
610 1530 708 1586 quia
729 1529 880 1572 Puellae
913 1529 996 1570 illae
1014 1543 1094 1570 αε-

133 1588 339 1645 teroquin
357 1589 560 1637 honestae,
577 1603 783 1646 pauperes
801 1617 815 1639 ‚
844 1593 883 1632 δε
912 1591 1090 1647 integrae

133 1646 253 1691 famae
269 1676 282 1695 ,
301 1651 340 1690 δι
357 1662 532 1704 capaces
551 1649 668 1700 juxta
684 1652 950 1693 voluntatem
969 1651 1090 1692 testa-

133 1709 240 1751 toris
259 1706 552 1766 consequendi
567 1711 708 1758 dotes;
725 1712 762 1752 si
785 1725 871 1753 non
886 1710 1093 1769 frequen-

131 1765 318 1812 tave'rint
337 1769 582 1812 Do<strinam
602 1771 881 1813 Christianam
898 1802 909 1818 ‚
927 1772 1091 1814 ratione

132 1830 258 1883 hujus
292 1831 559 1874 conditionis
605 1845 850 1874 arcerentur
883 1832 907 1875 ὲ
940 1830 1092 1875 conse-

132 1893 309 1934 cutione
326 1889 566 1943 hujusmodi
587 1893 747 1951 legati;
768 1895 966 1952 adeoque
980 1893 1091 1934 dieta

130 1951 330 1996 conditio
349 1979 361 2000 ,
377 1953 473 1994 huic
489 1954 632 2009 legato
649 1955 730 2005 jam
746 1954 938 1996 instituto
954 1983 967 2002 2
986 1954 1093 2004 adji-

131 2013 204 2062 ci,
231 2016 271 2055 δι
287 2014 444 2070 apponi
462 2027 549 2056 non
569 2015 705 2071 potest
724 2015 777 2056 ab
805 2012 1016 2071 Episcopo
1038 2016 1091 2057 ne

128 2072 282 2116 fideles
299 2074 568 2117 retrahantur
597 2077 649 2117 ab
677 2074 879 2132 operibus
898 2077 978 2131 piis
993 2093 1004 2122 ς
1032 2076 1093 2118 ob

127 2148 252 2193 quam
264 2135 499 2177 tationem:
526 2137 562 2177 si
576 2134 661 2193 ipse
678 2148 765 2179 met
778 2135 970 2177 Summus
984 2137 1094 2179 Pon·-

128 2193 234 2237 tifex
251 2207 465 2253 nunquam
496 2196 683 2239 intendit
712 2197 986 2253 praejudicare
1011 2198 1091 2240 Pa·-

130 2257 269 2298 tronis
286 2284 299 2304 ‚
336 2269 407 2297 aut
423 2255 573 2313 paffive
592 2259 759 2300 vocatis
777 2257 830 2298 ad
847 2255 1058 2299 beneficia
1074 2287 1088 2307 ‚

127 2327 201 2359 aut
215 2316 296 2358 alia
318 2331 451 2372 opera
466 2318 536 2374 pia
550 2318 601 2360 ad
617 2318 774 2360 tradita
790 2332 865 2374 per
886 2319 1089 2360 Lotterde

129 2391 174 2419 re
186 2376 311 2430 benef:
328 2377 395 2419 lib.
415 2392 455 2420 2.
470 2377 600 2433 quest.
625 2391 643 2428 5
659 2391 698 2419 1.
716 2392 822 2419 num.
841 2379 912 2429 38.
932 2378 982 2422 ὠ·
994 2378 1089 2435 seq.

124 2438 214 2491 Ros.
227 2438 276 2478 de
292 2450 451 2480 execat.
467 2437 575 2480 liter.
589 2437 790 2494 Apostolic.
807 2450 915 2492 cap.5
926 2451 1003 2480 .n.1
1016 2453 1087 2491 77.

127 2501 167 2541 δε
184 2496 290 2540 alias
309 2498 439 2553 penes
469 2501 561 2540 Rot.
575 2499 619 2539 in
649 2498 852 2555 Urgellen.
870 2500 1057 2554 Beneficii
1071 2530 1085 2550 ‚

116 2559 192 2614 stu
207 2558 470 2601 canonicatus
494 2572 564 2601 22.
595 2559 718 2618 ‘'Jum'i
739 2572 788 2610 17
800 2565 867 2600 16.
885 2564 924 2607 §-
942 2562 1086 2603 Subre-

121 2617 272 2676 ptiom's
287 2633 417 2660 coram
433 2623 587 2662 R.P.D.
605 2621 786 2662 Herrera
804 2651 817 2662 .
848 2621 994 2664 Multo
1008 2624 1087 2664 mi-

128 2679 206 2722 nus
224 2677 458 2736 Episcopus
474 2708 488 2727 ‚
517 2683 557 2722 &
577 2679 684 2721 alius
714 2677 895 2723 inferior
922 2684 1084 2736 poterit

125 2739 400 2797 praejudicare
423 2737 578 2782 eisdem
598 2740 794 2783 Patronis
812 2770 826 2790 ,
849 2754 920 2784 aut
936 2743 1085 2797 paffive

128 2801 297 2844 vocatis
315 2828 329 2849 ,
360 2804 401 2844 &
417 2800 600 2851 adjicere
618 2801 775 2859 legatis
787 2801 869 2854 jam
884 2803 1085 2845 institutis

128 2874 243 2904 nova
263 2874 408 2910 onera,
425 2865 464 2904 &
482 2862 763 2905 conditiones
779 2861 897 2916 juxta
914 2864 1028 2905 Bald.
1044 2864 1085 2905 in

127 2922 157 2963 l.
173 2920 289 2963 unica
302 2926 340 2970 §-
358 2921 521 2965 Accedit
529 2922 572 2963 in
576 2922 658 2978 fin.
677 2922 761 2965 cod.
776 2924 824 2963 de
838 2921 900 2964 rei
910 2939 981 2965 ux.
1001 2926 1084 2966 σὲἶ.

128 2983 190 3025 ibi
205 3008 247 3015 --
264 2981 420 3038 quinon
434 2982 591 3037 apponit
605 2983 688 3024 alia
696 2983 822 3038 paHa
838 2982 880 3024 in
896 2983 1027 3034 initio,
1043 2987 1084 3025 in

128 3043 389 3084 conventione
405 3071 420 3092 ‚
453 3057 529 3085 non
540 3044 664 3097 potest
671 3043 816 3097 postea
831 3043 903 3084 illa
919 3057 1086 3099 appone-

126 3118 172 3146 re
186 3117 239 3146 ex
253 3102 334 3158 post
351 3129 394 3138 --
409 3104 655 3146 Lambertin.
688 3105 734 3146 de
756 3107 935 3159 jurepat.
954 3106 1022 3147 lib·-
1047 3119 1084 3148 1.

120 3175 261 3220 pant.
277 3164 452 3220 quaest.9.
469 3174 552 3207 art.
575 3178 611 3204 1.
630 3177 763 3212 num.5
779 3177 815 3205 1.

189 3226 294 3267 Non
307 3225 444 3267 obstat
461 3253 475 3273 ‚
508 3225 627 3281 quod
654 3225 874 3281 saepedista
889 3226 1084 3271 conditio

126 3282 491 3342 frequentationis
509 3287 721 3328 Derinae
738 3286 983 3328 Christianae
999 3300 1086 3331 non

126 3344 176 3389 fit
192 3346 488 3400 praejudicialis
504 3374 518 3395 ‚
547 3347 674 3390 immo
692 3346 737 3388 sit
772 3347 889 3389 utilis
919 3348 1086 3406 Legato

127 3406 311 3449 Dotium
323 3435 337 3455 ‚
368 3411 408 3451 δι
438 3404 753 3465 consequenter
785 3421 916 3464 capax
944 3420 989 3450 ut
1008 3409 1084 3452 de)

129 3479 247 3509 novo
261 3469 418 3523 apponi
435 3468 554 3525 poffit
570 3471 624 3511 ab
639 3465 866 3525 Episcop05
880 3469 996 3521 juxta
1012 3484 1087 3512 au-

126 3527 369 3570 ueritatem
393 3530 534 3572 Rocch.
550 3530 597 3572 de
619 3530 792 3574 Curt.in
825 3531 1086 3576 contrarium

2061 236 2178 297 511

1223 317 1470 376 relat.,quia
1491 320 1694 363 Dossrina
1708 318 1831 372 hujus
1847 320 2188 381 Au&oris,quod

1228 380 1385 433 apponi
1398 379 1547 434 poffint
1565 381 1655 436 post
1668 379 1962 425 fundationem
1978 384 2186 436 Eccleliae,

1225 439 1534 482 institutionem
1558 442 1716 497 legati,
1734 457 1844 485 nova
1858 458 2002 492 onera,
2020 449 2060 488 δε
2081 461 2188 489 con-

1225 499 1417 541 ditiones
1435 529 1449 549 ‚
1482 502 1658 557 quando
1682 503 1751 546 ista
1777 517 1859 545 non
1878 502 1969 546 sunt
1989 507 2187 560 praejudi-

1226 559 1349 601 cialia
1366 559 1575 608 Ecclefiae,
1593 563 1836 619 autlegato;
1852 567 2049 620 procedit
2067 582 2190 610 acce-

1225 618 1356 661 dente
1373 617 1576 663 consensu
1594 623 1846 666 Fundatoris
1864 653 1876 672 ,
1894 639 1964 666 aut
1984 627 2152 670 Patroni
2173 645 2187 676 ς

1224 692 1296 723 aut
1310 681 1375 723 his
1393 682 1642 725 instantibus
1660 713 1673 732 ,
1692 696 1737 725 ut
1756 685 1918 743 legenti
1935 698 2068 741 patet;
2081 689 2186 732 Non

1225 745 1329 784 vero
1347 740 1689 786 dissentientibus
1711 746 1902 788 Patronis
1925 774 1936 785 .
1991 788 2006 801 ⁶

1294 804 1460 845 Poterit
1494 817 1632 847 tamen
1662 803 1892 863 Episcopus
1922 808 2085 852 hortari
2116 809 2189 851 ha-

1224 861 1376 906 bentes
1405 864 1469 917 jus
1502 867 1745 908 nominandi
1776 868 1827 910 ad
1852 868 1990 910 Dotes
2007 898 2019 918 ,
2049 883 2092 910 ut
2107 883 2188 925 po-

1222 924 1307 965 tius
1324 927 1543 967 nominent
1562 928 1726 969 Puellas
1743 929 1855 975 illas,
1874 943 1965 986 quae
1983 928 2186 988 frequen-

1222 988 1410 1028 taverint
1434 987 1676 1030 Doctrinam
1695 989 2000 1038 Christianam,
2027 1004 2186 1047 quam)

1220 1045 1338 1095 illas,
1356 1060 1447 1104 quae
1467 1048 1594 1091 talem
1615 1050 1860 1092 Dostrinam
1881 1065 1965 1092 non
1983 1049 2186 1109 frequen-

1219 1107 1434 1153 taverinr;
1467 1123 1560 1165 quae
1592 1110 1766 1167 quidem
1805 1110 2052 1153 exhortatio
2084 1110 2184 1154 esset

1221 1166 1423 1210 uniformi
1440 1169 1635 1225 Epistolae
1657 1171 1859 1214 Pastorali
1876 1171 2035 1213 Summi
2055 1172 2181 1215 nostri

1221 1227 1444 1270 Pontificis
1475 1230 1720 1274 Clementis
1754 1233 1826 1272 XI.
1854 1231 2059 1275 foeliciter
2101 1233 2184 1275 Re-

1222 1291 1392 1347 gnantis
1421 1290 1482 1333 die
1499 1297 1565 1333 16.
1581 1291 1734 1334 Martii
1758 1305 1884 1344 ¹703·
1915 1292 2031 1336 edita
2061 1294 2182 1336 relat.

1222 1364 1298 1406 per
1313 1355 1553 1392 Gennettum
1567 1363 1622 1393 to.
1637 1365 1676 1404 7.
1681 1354 1764 1404 suae
1781 1354 1821 1395 T
1815 1354 1990 1410 heologiae
1993 1353 2070 1406 fol.
2077 1367 2098 1406 3
2108 1367 2179 1405 77.

1226 1409 1277 1452 (ν’
1295 1412 1395 1462 381.
1414 1412 1523 1464 ver-ſs
1540 1422 1685 1467 quarto
1701 1429 1712 1458 ;
1731 1414 1835 1455 Non
1849 1415 1954 1456 vero
1968 1414 2088 1463 illos,
2109 1427 2182 1457 aut

1218 1471 1387 1512 Puellas
1401 1472 1453 1513 ab
1475 1471 1568 1528 ipfis
1599 1474 1880 1515 nominandas
1899 1488 2057 1530 cogere
2073 1476 2182 1517 mul-

1218 1533 1294 1575 <stis
1316 1560 1329 1580 ‚
1342 1535 1532 1588 &poenis
1551 1532 1604 1574 ad
1623 1533 1876 1576 audiendam
1895 1535 2143 1577 Doarinam
2156 1565 2170 1585 ‚

1219 1605 1266 1633 ut
1283 1591 1415 1634 docet
1432 1593 1724 1635 Bullar.min.in
1741 1595 2100 1655 Concil.cap.4seff
2106 1609 2124 1635 2
2133 1609 2174 1646 4.

1219 1654 1267 1696 de
1285 1653 1447 1707 reform.
1459 1654 1499 1693 in
1520 1653 1722 1707 observat.
1738 1657 1852 1696 verb.
1872 1656 2003 1696 teneri
2018 1686 2030 1698 .

1276 1713 1435 1771 Qoad
1451 1711 1680 1756 secundum
1693 1716 1867 1757 dubium
1882 1717 2073 1761 existimo
2094 1730 2179 1759 non

1217 1772 1333 1831 poffe
1351 1771 1604 1831 Episcopum
1621 1775 1851 1831 prohibere
1867 1774 2057 1832 personis
2075 1776 2183 1830 ejus-

1215 1837 1311 1877 dem
1327 1836 1698 1892 congregationis
1717 1837 1980 1879 habentibus
2010 1838 2076 1890 jus
2101 1853 2181 1881 vo-

1216 1896 1336 1937 tandi
1368 1896 1411 1937 in
1437 1895 1736 1938 distributione
1766 1897 1932 1939 dotium
1947 1926 1963 1947 ‚
1994 1899 2047 1940 ne
2075 1913 2182 1953 prae-

1217 1956 1326 1998 stent
1344 1967 1492 1998 votum
1506 1984 1519 2004 ,
1534 1954 1629 1998 casu
1643 1971 1730 2014 quo
1746 1969 2001 2000 concurrant
2019 1960 2179 2002 Puellae

1215 2019 1269 2059 ab
1293 2015 1387 2070 ipsis
1410 2016 1735 2071 dependentes,
1772 2030 1845 2058 aut
1880 2032 1973 2075 quae
1990 2017 2082 2061 sunt
2098 2048 2112 2068 ‚
2133 2024 2180 2078 ³&

1214 2078 1386 2122 fuerunt
1407 2077 1450 2117 in
1469 2090 1611 2118 earum
1629 2077 1777 2121 actuali
1791 2076 2063 2127 servitio‚sub
2084 2095 2178 2138 poe·-

1215 2153 1269 2182 na
1286 2137 1497 2179 nullitatis
1513 2139 1640 2179 actus.
1656 2138 1822 2179 Etenim
1842 2137 2075 2196 Episcopus
2089 2154 2177 2184 non

1215 2200 1354 2257 potest
1382 2199 1549 2254 privare
1580 2199 1768 2255 aliquem
1806 2202 1980 2255 proprio
2010 2201 2100 2252 jure
2136 2203 2177 2242 ei

1214 2270 1490 2315 competente
1507 2273 1558 2301 ex
1575 2257 1848 2316 dispositione
1859 2261 2178 2309 Testatorismi-

1214 2320 1241 2362 fi
1256 2332 1540 2363 concurrente
1558 2319 1658 2372 justa
1673 2350 1686 2368 2
1703 2324 1742 2363 δι
1760 2321 2008 2363 rationabili
2025 2320 2141 2363 causa
2161 2339 2174 2368 ;

1212 2383 1309 2424 Nec
1326 2379 1591 2423 familiaritas
1609 2410 1621 2429 ‚
1639 2385 1679 2424 &
1696 2381 1985 2437 dependentia
2003 2383 2174 2424 Puella-

1212 2456 1303 2484 rum
1317 2443 1368 2482 ab
1386 2440 1480 2496 ipfis
1498 2442 1635 2496 potest
1651 2440 1730 2483 esse
1764 2442 2031 2485 rationabilis
2051 2442 2175 2485 causa

1212 2501 1406 2560 privandi
1441 2503 1572 2543 dietas
1602 2499 1802 2556 personas
1837 2504 2047 2545 exercitio
2066 2503 2172 2555 juris

1210 2562 1391 2607 vorandi
1410 2575 1487 2616 pro
1507 2575 1556 2601 ea
1571 2563 1666 2603 vice
1686 2590 1699 2608 ,
1716 2575 1766 2603 ex
1783 2576 1864 2609 eo,
1883 2562 2002 2618 quod
2022 2562 2166 2615 hujus-

1211 2623 1329 2666 modi
1347 2620 1611 2662 familiaritas
1628 2650 1641 2670 ,
1668 2625 1707 2663 &
1724 2622 2016 2677 dependentia
2050 2623 2171 2679 poffit

1210 2680 1291 2726 effe
1310 2679 1429 2724 causa
1448 2679 1694 2737 suspicionis
1709 2680 1868 2724 fraudis
1888 2711 1901 2731 ‚
1931 2686 1971 2726 &
1987 2697 2170 2726 murmu-

1209 2743 1385 2787 rationis
1401 2772 1413 2784 .
1445 2743 1556 2783 Nam
1574 2743 1678 2784 licet
1707 2741 1818 2784 filius
1851 2742 1898 2784 fit
1915 2742 2135 2787 familiaris
2150 2773 2167 2792 ,

1209 2809 1249 2848 &
1268 2802 1516 2860 dependens
1536 2804 1559 2844 a
1579 2804 1715 2851 Patre,
1732 2815 1872 2853 tamen
1885 2805 2008 2845 Pater
2024 2805 2165 2860 potest

1211 2879 1359 2909 votare
1378 2878 1455 2920 pro
1467 2863 1560 2906 filio
1580 2863 1693 2910 iuxta
1714 2863 1836 2906 Text.
1865 2863 1907 2905 in
1931 2864 1959 2904 l.
1974 2864 2073 2906 item
2102 2880 2166 2906 eo-

1208 2941 1295 2968 rum
1305 2925 1351 2982 ffi
1366 2925 1472 2979 quod
1484 2924 1668 2980 cujusque
1684 2925 1981 2980 Univetfitatis
1993 2925 2161 2972 nomina

1206 2987 1271 3028 Ita
1300 2979 1405 3028 licet
1435 2984 1588 3027 Puellae
1604 2997 1909 3027 concurrentes
1933 2984 2009 3027 lint
2043 2983 2166 3028 fami-

1206 3049 1334 3091 liares
1352 3074 1366 3094 ,
1392 3050 1432 3088 &
1464 3044 1758 3100 dependentes
1777 3045 1800 3087 a
1831 3047 2024 3089 Patronis
2043 3046 2162 3088 dictae

1204 3106 1576 3162 congregationis
1599 3118 1684 3147 non
1717 3105 1846 3148 video
1863 3134 1877 3155 ‚
1902 3120 1987 3164 qua
2015 3105 2164 3150 causa,

1206 3168 1287 3209 istae
1305 3180 1391 3208 non
1423 3164 1571 3222 poffint
1600 3179 1751 3210 votare
1780 3181 1857 3223 pro
1887 3167 1974 3209 illis
1992 3196 2003 3207 .
2036 3167 2164 3210 Ratio

1207 3241 1348 3272 autem
1368 3226 1424 3268 est
1439 3254 1453 3274 ‚
1468 3228 1568 3283 quia
1582 3228 1633 3268 ne
1649 3223 1919 3283 praesumatur
1935 3228 2152 3277 demtum,

1205 3289 1352 3346 potius
1399 3284 1657 3343 praesumitur
1691 3287 1854 3331 elector
1883 3289 2041 3331 habere
2079 3302 2161 3345 prae

1207 3349 1346 3392 oculis
1367 3347 1455 3399 jus;
1474 3352 1513 3390 δε
1530 3345 1722 3390 interesse
1740 3349 1955 3404 publicum
1972 3378 1986 3398 ,
2004 3362 2161 3407 quarm

1204 3412 1416 3467 privatum
1432 3405 1644 3465 sanguinis
1660 3437 1673 3458 ‚
1703 3413 1743 3452 &
1759 3411 1955 3452 amicitiae
1969 3439 1983 3459 ,
2013 3423 2058 3451 ut
2090 3422 2161 3449 ex·-

1205 3469 1346 3528 presse
1359 3469 1490 3512 docet
1522 3473 1663 3512 Matta
1675 3470 1756 3524 post
1783 3470 1974 3514 Cocchier.
1992 3469 2040 3509 de
2055 3469 2158 3520 causi

1205 3530 1548 3585 concistor.seH.2
1558 3536 1785 3583 amum-67.
1805 3534 1896 3574 Rot.
1909 3530 1951 3572 in
1966 3529 2154 3596 Gietinerf.

2043 3601 2154 3641 Jurts
