2456 3802
82 2012 86 2015 .
133 1976 288 2020 Martii
315 1989 442 2028 1713.
466 1983 510 2025 >§.

426 179 751 267 DeJurep.
775 175 1155 242 Par.II.Can.
1179 180 1401 246 XXVI.
1422 181 1564 245 Cas?
1582 182 1626 244 I.

124 306 248 337 ,ratus
270 306 336 347 14.
351 295 561 337 Februarii
583 309 598 335 1
609 309 662 341 70
675 307 710 335 1.
750 299 789 342 §.
804 296 905 335 Cum
921 294 1021 335 enim
1036 292 1077 334 in

120 356 209 410 fine
223 370 353 396 coram
370 355 664 411 Eminentiffl‘mo
679 357 808 396 Scotto
827 385 840 403 ,
868 355 1076 396 aretina„

132 416 321 471 Beneficii
342 429 361 454 2
373 430 411 468 3.
440 415 588 470 Aprilis·
610 429 692 464 170
698 428 737 466 3.
770 420 808 463 §.
824 411 960 455 Talem
976 414 1075 455 verb

124 490 275 516 ‚coram
290 480 444 518 R.P.D.
456 490 537 517 meo
550 476 716 528 Ansaldo
731 503 745 522 ,
773 475 983 516 Bononien.
1000 478 1076 516 Be-

133 536 360 590 mficiorum
375 537 422 576 de
437 535 597 588 Castello
618 549 657 574 2.
673 535 782 585 Maji
800 549 849 586 17
862 549 876 573 1
889 548 930 578 2.
957 539 995 581 §-
1014 535 1076 574 Ex

129 596 198 637 his
214 596 340 651 igitur
356 606 486 637 coram
502 600 574 637 Me
588 624 601 643 ,
627 595 676 637 ὠ*
691 594 732 636 in
747 599 904 636 Lucana
915 594 1077 647 cappel-

129 656 252 696 ·laniae
268 656 332 697 die
355 671 369 696 1
381 672 419 697 2.
430 656 627 698 currentis
643 655 776 707 mensis
794 659 926 701 §.Non
941 654 1077 707 desunt

131 715 292 770 pariter
306 730 438 758 coram
447 719 518 757 Mc
535 744 548 756 .
1062 731 1065 733 ’

193 774 387 818 Efficacia
419 789 488 819 tot
522 778 697 820 statuum
729 775 936 821 declinari
970 774 1074 830 quin

129 835 255 893 ‘poffit
274 834 347 878 sub
372 838 551 880 obtentu
566 865 581 885 ,
615 836 734 894 quod
751 833 1076 891 Juspatronatus

131 909 212 952 per
231 897 443 951 Joannem
477 893 650 940 Caesaris
692 895 989 937 ascendentem
1023 908 1076 934 ex

133 955 383 998 haereditate
413 956 565 998 Didaci
598 956 722 1012 Sylos
754 986 768 1006 ,
793 960 833 998 δι
871 957 1073 996 Minervae

133 1015 338 1071 vvlpanae
353 1015 481 1058 fuerit
491 1016 737 1073 acquisitum
750 1046 763 1066 ,
779 1030 828 1057 ac
844 1028 975 1057 voces
990 1015 1074 1056 hae-

126 1076 330 1119 :edicatis
361 1077 458 1119 dieti
489 1076 642 1118 Didaci
657 1106 669 1126 ,
698 1081 736 1119 &
766 1078 968 1118 Minervae
995 1088 1073 1130 pro

130 1136 283 1190 majori
309 1148 427 1193 parte
455 1137 497 1179 in
530 1137 632 1179 illos
651 1166 664 1186 ,
696 1139 769 1194 qui
797 1135 1067 1177 Leonardum

128 1193 450 1253 praesentarunt,
465 1196 684 1244 devenire,
700 1198 896 1254 adeoque
911 1192 1071 1236 tametsi

132 1256 232 1296 dicti
248 1257 445 1305 Patroni,
476 1260 548 1314 qui
566 1257 832 1307 Leonardum
851 1253 1073 1312 praesenta-

130 1326 230 1360 runt·
245 1343 258 1364 ,
275 1317 344 1358 vel
366 1330 510 1358 eorum
525 1319 731 1359 Auctotes
753 1318 796 1358 in
814 1317 973 1357 ultimis
991 1315 1070 1355 sta-

132 1376 250 1418 tibus
266 1374 517 1431 ptaesentare
537 1378 805 1435 neglexerint
819 1405 833 1425 ,
866 1376 1004 1417 adhuc
1021 1388 1072 1416 ex

131 1432 454 1493 praesentatione
471 1435 576 1479 facta
596 1438 618 1479 a
641 1435 803 1479 Caesare
822 1466 834 1485 ‚
866 1434 935 1478 seu
952 1436 1074 1476 Fran-

131 1493 244 1538 cisco
274 1496 390 1538 illius
408 1508 526 1553 patre
550 1497 704 1539 nedum
721 1498 900 1538 aliorum
925 1496 1074 1536 Patro·

130 1569 283 1599 norum
296 1558 361 1610 jus
377 1570 454 1613 pro
470 1556 623 1599 futuris
643 1557 936 1599 vacationibus
954 1552 1071 1596 amis-

131 1612 219 1659 sum
239 1630 323 1659 non
337 1614 556 1659 censeatur
569 1646 583 1667 ‚
612 1615 685 1660 sed
705 1618 831 1659 etiam
847 1613 1073 1671 praeserva-

81 1689 135 1730 50
150 1688 193 1719 ta
210 1676 428 1733 dicipoffit
447 1674 533 1733 ipsa
544 1675 735 1734 poffeffio
765 1675 1040 1733 praesentandi
1055 1702 1071 1723 ,

134 1750 228 1794 quae
239 1751 290 1780 ex
308 1735 631 1793 praesentatione
645 1738 930 1793 Compatroni
942 1736 1070 1777 ctiam

134 1797 282 1855 quoad
315 1811 402 1840 non
431 1795 752 1853 praesentantem
779 1796 941 1853 optime
959 1808 1064 1837 con-

133 1856 322 1900 servatur
333 1871 384 1899 ex
404 1858 614 1915 congestis
630 1858 671 1898 in
687 1857 934 1910 Herhipolen.
952 1855 1067 1897 Vica-

134 1918 203 1960 ria
217 1945 231 1966 ,
259 1916 308 1960 (θ’
323 1918 616 1958 Parochialium
628 1918 750 1971 super
778 1918 870 1958 bono
884 1920 975 1970 jure
1001 1929 1066 1955 10.

527 1978 686 2039 Qibus
699 1979 760 2019 ita
776 2007 788 2025 ‚
819 1977 868 2020 &⁹
871 1977 988 2032 seqq.
1005 1990 1069 2016 co-

136 2052 228 2080 ram
255 2037 561 2097 Eminentffmo
583 2041 742 2081 ’Sa-otto.
772 2037 990 2095 Siquidem
1015 2036 1068 2077 ad

137 2097 292 2150 objecti
323 2100 607 2142 remotionem
631 2098 874 2154 ¹ponderare
905 2094 1067 2139 suffice-

135 2170 203 2200 ret
220 2187 234 2206 ‚
263 2159 381 2216 quod
400 2157 514 2200 ficuti
534 2159 761 2217 originaria
775 2158 972 2200 fundatio
988 2158 1069 2197 Be-

136 2217 381 2260 neficiorum
393 2247 406 2266 ,
436 2219 490 2260 de
519 2219 675 2275 quibus
704 2220 845 2275 agitur
860 2246 874 2266 ,
898 2217 1067 2259 minime

136 2280 346 2334 reperitur
364 2307 378 2327 ,
402 2277 484 2320 fine
502 2278 589 2321 ullo
607 2281 765 2336 itaque
789 2278 1067 2321 fundamento

137 2349 313 2388 natura,
344 2342 385 2381 &
403 2339 585 2396 qualitas
600 2339 946 2394 jurispatronatus
963 2350 1070 2379 con-

135 2410 202 2442 tra
221 2399 410 2442 ultimum
429 2400 574 2443 statum
593 2400 752 2455 poterit
767 2397 999 2447 defendi,&
1015 2395 1067 2438 fic

144 2473 200 2502 eo
221 2459 356 2502 minus
383 2474 433 2501 ex
457 2457 696 2516 poffess‘ione
713 2459 998 2502 veri·Patroni
1014 2458 1065 2499 ad

138 2516 468 2578 praesentandum
484 2519 661 2569 admiffi,
680 2518 927 2562 conservata
940 2518 1072 2560 debet

137 2577 298 2622 censeri
323 2581 499 2622 aliorum
530 2578 771 2623 assertorum
788 2582 1066 2622 patronorum

137 2636 342 2697 possemo,
358 2642 430 2697 qui
444 2654 654 2698 nunquam
671 2638 984 2696 praesentarunt,
1001 2653 1073 2679 ne-

140 2714 224 2757 que
241 2700 293 2740 de
311 2700 521 2756 patronali
535 2702 790 2756 pertinentia
807 2697 972 2756 poffunt
989 2698 1070 2740 do-

138 2761 428 2816 cere,quando
443 2761 706 2817 caeteroquin
720 2761 761 2802 in
778 2758 966 2816 praesenti
981 2774 1072 2801 om-

143 2821 208 2862 nis
221 2820 446 2862 dubitandi
465 2820 628 2863 occasio
644 2822 793 2877 utique
809 2818 1002 2867 cessaret,
1021 2834 1072 2861 ex

141 2882 291 2937 quoin
309 2881 466 2922 ultimis
480 2881 651 2923 statibus
667 2878 804 2923 Caesar
820 2894 896 2936 pro
913 2880 1037 2921 unico
1058 2908 1071 2928 ‚

144 2943 185 2982 &
203 2954 304 2983 vero
324 2941 506 2983 Patrono
523 2940 562 2982 se
579 2940 694 2999 gess'it
708 2969 721 2989 ,
735 2942 837 2982 acin
850 2940 984 2981 altero
1002 2953 1071 2980 an-

140 3001 355 3042 tecedenti
378 3013 575 3058 tanquam
605 3002 700 3042 talis
717 2998 955 3042 Franciscus
982 3000 1070 3051 ejus

138 3072 258 3116 pater
271 3059 594 3116 praescntavit,in
610 3062 763 3118 quibus
780 3060 970 3102 terminis
989 3059 1078 3101 nul-

139 3121 308 3163 latenus
330 3122 498 3162 Patroni
516 3121 727 3163 Leonardi
741 3150 754 3170 ,
770 3122 900 3178 quiin
918 3120 1076 3161 ultimis

140 3182 314 3226 statibus
331 3193 415 3223 non
435 3179 732 3237 praesentarunt
749 3210 762 3230 ,
795 3180 818 3223 a
834 3178 1076 3235 poss'effione

140 3239 524 3293 Caesarisjuvamen
544 3253 744 3297 poterunt
777 3238 977 3297 consequi
998 3241 1080 3280 cir-

143 3314 191 3342 ca
204 3300 530 3356 praeservandam
545 3315 634 3342 eam
647 3298 1075 3357 poffeffionem,quam

144 3374 352 3418 nunquam
369 3362 606 3404 habuerunt
621 3390 634 3409 ,
650 3361 743 3402 ciim
763 3362 805 3401 in
817 3362 895 3402 hac
906 3361 1081 3402 materia

144 3420 511 3477 praesentationum
528 3450 542 3471 ,
556 3425 594 3463 &
619 3421 753 3463 ultimi
773 3420 896 3462 status
912 3417 1079 3461 absolu-

141 3482 175 3522 ti
189 3481 292 3534 juris
310 3480 356 3525 fit
371 3510 385 3531 ‚
414 3482 534 3541 quod
551 3483 805 3539 ubicumque
821 3481 1081 3538 Compatro-

2002 206 2129 267 455

1196 309 1273 338 nus
1289 298 1497 352 privative
1518 297 1734 354 praesentat
1750 314 1777 347 ,·
1792 302 1906 341 tunc'
1926 297 2138 355 posseffio-

1193 357 1257 396 nis
1271 357 1521 400 beneficium
1540 360 1632 400 aliis
1663 373 1746 400 non
1782 357 2129 414 praesenrantibus

1190 417 1362 458 minime
1397 421 1681 460 communicat
1711 420 1825 469 juxta
1847 420 2137 461 constantem)

1188 472 1511 522 sentcntiam‚de
1524 492 1607 536 qua
1625 479 1714 534 post
1728 479 2054 535 Calderinaeorfil.
2066 494 2080 520 1
2093 493 2132 529 5.

1189 535 1236 576 de
1262 537 1537 589 jurepatron.,
1570 539 1732 580 Corrad.
1761 538 1803 577 in
1830 552 1956 592 prax.
1977 540 2135 593 benefic.

1189 594 1299 646 lib.4.
1315 598 1524 651 cap.6.fi«b
1541 613 1646 638 num.
1662 611 1736 650 47.
1752 598 1801 640 &⁶
1815 601 1889 649 48.
1905 627 1919 647 ,
1946 604 2074 640 Garz.
2089 600 2138 639 de

1189 654 1459 709 benefipar.5.
1477 671 1789 712 cap.5.num.47.
1812 661 2037 700 Remorum
2059 664 2137 700 Pu-

1189 726 1249 756 teo
1266 717 1378 770 deciſs
1386 731 1405 768 3
1416 732 1486 765 90.
1499 733 1631 760 coram
1649 718 1851 772 Seraphin.
1868 718 1982 771 decis.
2007 732 2021 758 1
2034 731 2054 770 3
2065 731 2134 770 37.

1188 789 1336 828 num.4.
1355 782 1394 820 &
1411 778 1622 820 admissum
1639 778 1718 821 fuit
1731 779 1773 819 in
1788 782 1938 820 Sorana
1952 779 2133 832 jurispa-

1188 845 1374 877 tronatus
1397 851 1416 877 2
1429 853 1465 878 2.
1484 839 1684 896 Januarii
1703 852 1751 888 17
1765 852 1778 878 1
1792 852 1829 878 2.
1847 842 1958 886 §.Ita
1970 839 2131 881 difflan-

1188 906 1228 937 te
1242 909 1370 937 coram
1392 903 1546 940 R.P.D.
1563 914 1643 939 meo
1664 900 1881 940 Falconerio
1900 928 1914 949 ‚
1941 899 1991 942 (θ’
2007 900 2048 939 in
2058 902 2134 940 Sa-

1188 955 1387 997 lernitana
1425 953 1770 1010 jurispatronatus
1822 973 1837 998 1
1850 973 1887 1010 3.
1930 959 2132 1018 ‘Januarii

1191 1017 1388 1057 currentis
1403 1020 1500 1059 anni
1515 1024 1552 1066 S.
1571 1025 1712 1059 Verum
1727 1033 1857 1060 coram
1875 1024 1945 1060 Me
1959 1048 1969 1059 .

1245 1077 1327 1118 Sed
1354 1079 1395 1120 in
1427 1077 1660 1120 universum
1679 1080 1888 1122 Leonardi
1918 1078 2129 1135 oppositio

1189 1150 1376 1179 remanet
1392 1139 1610 1180 confutata
1628 1169 1639 1187 ,
1655 1154 1704 1180 cx
1726 1154 1813 1197 quo
1831 1137 1977 1181 asserta
1994 1138 2135 1197 quali-

1186 1210 1250 1237 tas
1267 1200 1598 1254 compatronalis
1622 1201 1662 1240 in
1690 1201 1807 1242 illum
1840 1197 2132 1255 praesentanti-

1188 1257 1265 1298 bus
1283 1272 1367 1299 non
1382 1259 1468 1300 alio
1489 1260 1662 1301 inhaeret
1677 1258 1953 1302 fundamento
1970 1288 1985 1308 ,
2000 1259 2130 1317 quam

1169 1326 1171 1328 ·
1195 1318 1318 1374 quod
1342 1317 1668 1374 Juspattonatus
1697 1321 1865 1362 istorum
1896 1319 2135 1362 Beneficio-

1189 1390 1279 1418 tum
1300 1378 1452 1419 Sam‘h
1465 1380 1609 1419 Mariae
1625 1381 1798 1437 ⁶]'oarmts
1815 1386 1957 1421 Panza
1983 1380 2132 1422 della-.-

1185 1437 1298 1478 Scala
1311 1466 1324 1485 ,
1340 1452 1359 1478 e
1374 1440 1476 1478 della
1497 1440 1639 1480 Biunca
1657 1454 1708 1482 ex
1725 1440 1972 1481 haereditate
1994 1440 2130 1481 Dida-

1187 1499 1224 1539 ci
1244 1498 1431 1554 Sylos,&
1451 1500 1652 1543 Minervae
1666 1501 1866 1556 Vulpanae
1881 1501 2129 1556 proveniat,

1187 1562 1228 1601 &
1246 1561 1447 1600 tamenin
1466 1560 1587 1611 hujus
1607 1558 1792 1615 assumpti
1826 1563 2129 1616 probationem

1185 1618 1503 1661 Instrumentum
1522 1618 1783 1662 fundationis
1804 1621 2044 1662 nullatenus
2060 1618 2124 1661 af-

1183 1677 1345 1727 fertur,
1381 1679 1500 1737 quod
1519 1679 1691 1736 quidem
1719 1680 1913 1722 exhiberi
1932 1695 2017 1724 non
2047 1695 2127 1736 po-

1183 1739 1261 1780 test
1277 1752 1476 1797 tanquam
1507 1741 1775 1796 deperditum
1791 1769 1804 1788 ,
1847 1740 1914 1783 vel
1946 1741 1989 1782 in
2021 1741 2132 1781 anti-

1185 1800 1362 1856 quitatis
1380 1800 1553 1841 latebris
1567 1815 1740 1842 manens
1757 1830 1770 1849 ,
1804 1804 1844 1842 &
1867 1800 2061 1856 profesto
2078 1798 2132 1842 fi·

1188 1872 1239 1900 ne
1269 1860 1344 1899 hac
1375 1859 1678 1901 fundamentali
1706 1860 1788 1902 bafi
1815 1861 1868 1902 de
1883 1861 2132 1903 contraria,

1184 1921 1445 1976 pertinentia
1457 1918 1815 1974 Jurispatronarus
1832 1920 2020 1962 constare
2035 1916 2125 1961 nus-

1187 1993 1310 2036 quam
1328 1981 1487 2035 poterit
1521 1980 1573 2021 ad
1594 1981 1749 2022 durum
1779 1979 1990 2037 signanter
2021 1978 2124 2022 effe-

1184 2041 1291 2080 &um
1308 2040 1499 2080 elidendi
1520 2041 1652 2082 robur
1670 2040 1806 2081 ultimi
1823 2041 1948 2082 status
1964 2041 2005 2081 in
2021 2054 2128 2082 con-

1186 2101 1432 2140 tt-adi&orio
1451 2100 1611 2150 judicio
1629 2102 1894 2145 canonizat15
1928 2100 2126 2158 Qinlo-

1188 2173 1240 2200 co
1257 2158 1518 2200 fundationis
1536 2159 1684 2215 poffint
1700 2159 1912 2202 deservire
1930 2161 2132 2202 enuncia-

1188 2221 1284 2261 tivae
1315 2221 1338 2260 a
1365 2217 1529 2263 Caesare
1557 2249 1571 2268 ,
1602 2224 1640 2262 δε
1677 2221 1885 2263 Damiano
1903 2221 2018 2262 illius
2034 2235 2136 2275 prae-

1187 2278 1351 2322 sentato
1370 2278 1514 2321 emiffae
1533 2278 1651 2337 super
1670 2282 1878 2337 qualitate
1907 2280 2132 2322 haeredita-

1187 2342 1248 2381 r-ia
1276 2341 1317 2380 d.
1349 2337 1675 2396 Juspatronatus
1695 2370 1708 2388 ,
1751 2355 1827 2382 nec
1860 2355 1945 2382 non
1974 2340 2130 2382 decisio

1185 2401 1426 2442 emanatain
1439 2400 1647 2441 Bituntina
1658 2401 1998 2455 jurispatronatus
2010 2400 2073 2441 die
2090 2402 2130 2443 8.
2172 2445 2175 2448 ,

1186 2460 1308 2520 ‘Junii
1333 2462 1459 2509 1689.
1480 2475 1609 2501 corum
1621 2462 1703 2502 bon.
1718 2476 1831 2501 mem.
1848 2463 1888 2502 U
1891 2463 1988 2515 ›fino
2014 2488 2028 2508 ,
2059 2462 2133 2502 in.»

1185 2534 1268 2577 qua
1293 2521 1475 2577 qualitas
1504 2519 1766 2561 haereditaria
1793 2518 2129 2561 Beneficiorum,

1184 2580 1238 2622 de
1252 2580 1404 2635 Syleos
1424 2581 1566 2620 extitit
1584 2578 1740 2620 firmata
1760 2610 1770 2620 .
1803 2581 1971 2621 Etenim
1989 2593 2128 2622 tetro·-

1187 2640 1319 2698 grado
1347 2640 1496 2680 ordine
1525 2637 1760 2681 disserendo
1786 2668 1798 2686 ,
1827 2640 1944 2697 quod
1974 2642 2127 2682 attinet

1186 2700 1238 2741 ad
1255 2699 1506 2742 decifionem
1525 2700 1624 2740 bon.
1642 2714 1762 2740 mem.
1784 2699 1918 2740 Urfini
1942 2700 2028 2741 haec
2047 2702 2130 2741 uti-

1188 2775 1270 2817 que
1289 2761 1495 2801 emanavit
1513 2760 1621 2801 inter
1638 2757 1820 2801 diversas
1836 2772 1975 2814 partes
1995 2789 2008 2809 ,
2030 2765 2072 2802 δε
2089 2762 2131 2802 in

1187 2818 1404 2862 beneficiis
1421 2819 1570 2862 diverfi
1584 2821 1751 2875 generis
1767 2822 2012 2875 nuncupatis
2027 2821 2130 2862 San-

1188 2883 1241 2924 fri
1271 2881 1516 2935 Gregorii,
1535 2881 1575 2921 in
1594 2881 1747 2937 quibus
1780 2880 1918 2927 adest,
1954 2884 1991 2921 δε
2014 2882 2132 2938 viget

1189 2938 1382 2996 specifica
1395 2939 1586 2982 fundatio
1603 2941 1652 2981 ad
1669 2938 1946 2986 differentiam
1963 2940 2132 2981 istorum

1189 3003 1313 3042 trium
1347 2999 1651 3042 Beneficiorum
1683 3001 1836 3043 Sanstae
1853 3001 1995 3040 Mariae
2014 3028 2026 3047 ‚
2059 3001 2131 3042 in)

1136 3075 1184 3114 51
1206 3061 1361 3118 quibus
1381 3074 1464 3102 non
1480 3062 1687 3114 reperitur
1705 3060 2021 3102 Instrumentum
2037 3060 2135 3102 fun-

1193 3121 1380 3162 dationis
1399 3148 1411 3167 ,
1442 3120 1586 3161 undea
1600 3118 1766 3162 diverso
1783 3121 1954 3161 illorum
1971 3119 2138 3162 Benefi-

1194 3182 1356 3222 ciorum
1376 3192 1531 3235 genere
1549 3179 1600 3220 ad
1632 3180 1717 3221 haec
1738 3181 1858 3235 argui
1890 3182 2136 3238 neutiquam

1195 3241 1298 3283 licet
1313 3268 1326 3287 ,
1346 3252 1388 3281 ut
1409 3240 1450 3279 in
1466 3241 1655 3281 terminis
1677 3243 1780 3281 Rota
1797 3240 1838 3280 in
1861 3240 2139 3292 Monasterien.

1193 3300 1451 3344 Canonicatus
1475 3314 1540 3349 19.
1569 3301 1771 3341 Februarii
1791 3314 1837 3352 17
1850 3314 1915 3351 14.
1933 3306 1971 3348 §.
1990 3301 2142 3354 Absque

1195 3375 1252 3409 eo,
1270 3361 1375 3414 quod
1386 3374 1515 3399 coram
1528 3363 1575 3400 R.
1594 3365 1636 3401 P.
1654 3365 1704 3402 D.
1720 3376 1800 3401 meo
1814 3362 1980 3414 Ansaldo
1995 3390 2006 3400 .
2039 3363 2139 3417 Qo

1197 3422 1300 3464 vcro
1317 3420 1369 3461 ad
1400 3421 1714 3467 enunciativas;
1748 3421 1829 3463 illae
1855 3435 1940 3463 non
1958 3420 2144 3477 praesct'e-

1202 3493 1301 3525 runt
1319 3509 1332 3530 ,
1363 3480 1483 3538 quod
1506 3480 1815 3538 juspatronatus
1833 3481 1885 3523 ab
1902 3480 2056 3523 affertis
2073 3480 2149 3520 Di·-

2021 3539 2145 3588 daco,
