2456 3802
470 271 1472 361 DeJurep.Par.11.Can.XXV1}1.
1489 272 1629 338 Cas.
1640 277 1742 340 VI.

120 398 169 431 1²0
204 387 270 432 Ex
293 389 493 433 dotatione
522 417 537 438 ‚
568 386 935 438 autconstruc‘i‘ione
962 388 1108 427 Mona-

181 456 183 459 ’
193 449 314 502 sterii
338 464 413 506 pro
429 448 572 492 Puellis
594 447 796 491 Nobilibus
813 476 825 495 ‚
855 447 933 500 istae
962 447 1102 504 acqui-

205 522 300 553 runt
307 514 375 566 jus
382 509 539 569 paffivae
548 507 778 564 receptionis
791 508 832 548 in
844 524 884 550 eo
902 511 919 548 Ξ*
936 509 971 549 A
979 507 1106 564 mplia

209 584 254 614 ut
276 585 390 614 num.
415 585 430 611 1
444 584 481 610 2.

126 646 139 671 ι
152 646 172 685 3
210 633 295 692 &us-
329 632 489 689 pafflvae
517 630 744 685 receptionis
777 629 834 670 'in
866 628 1105 670 Educ-ancias

210 694 459 750 quodfiterit
477 691 600 734 tacite³
630 690 886 742 reservatum
915 690 956 729 in
971 689 1105 730 limine

194 753 452 806 fundationis
479 750 794 805 Monqsteriipro
813 750 958 792 Pueuis
980 749 1102 792 Nobi.-

210 813 310 856 libus
323 843 337 863 ,
354 828 406 856 ex
422 813 562 869 quibus
576 823 776 868 arguatur
790 841 802 852 .

129 886 182 928 14
213 877 260 916 In
290 876 437 931 sufibus
467 873 638 929 diverfis-
666 873 824 914 attendi
856 887 930 914 non
964 871 1104 912 debent

131 927 140 960 Ᾰ
163 971 166 974 ,
207 928 578 993 ζεέε;,ὒεσ“ψ“οηει
591 962 605 982 ,
619 931 668 976 &¹
685 932 948 986 Refhlutiones
962 930 1004 973 in
1018 931 1103 974 Lit-

135 1010 138 1013 ⁴
210 1008 302 1039 tera
319 994 648 1052 ,seustmpliciter
665 1022 676 1034 .
850 1023 851 1026 η
883 1027 907 1033 .,
949 1013 965 1030 ·.

127 1061 183 1098 16
215 1058 359 1110 Censen
378 1071 421 1097 us
435 1052 637 1112 finejusta
651 1054 767 1108 causa
783 1055 996 1111 denegatus
1005 1053 1105 1108 sup·

199 1117 303 1171 pleri
319 1118 431 1159 debet
453 1129 528 1171 per
539 1114 779 1171 Superiorem
795 1144 809 1155 .
868 1137 871 1140 ·

121 1189 173 1232 17
205 1179 376 1221 Verbum
387 1177 643 1221 adLibimm
661 1175 767 1229 ‚seu
787 1177 844 1217 aid
867 1176 1104 1218 Placitum,

205 1239 248 1280 e'n
264 1238 430 1281 Line-ris
438 1239 514 1293 pro
541 1236 674 1279 Educa
681 1236 771 1277 ndis
784 1237 878 1278 dari
882 1235 1017 1290 solitis
1032 1248 1104 1291 ap-

199 1300 366 1354 positum
381 1328 395 1349 ,
424 1298 524 1354 quid
552 1297 735 1351 importet
750 1327 764 1346 ,
794 1299 952 1353 quando
966 1297 1103 1352 agitur

207 1360 254 1400 de
274 1359 522 1410 'Monasterio
543 1359 721 1413 fundato
742 1370 824 1411 pro>
851 1357 1056 1400 Nobilibus
1082 1360 1104 1400 ἓ

203 1421 316 1462 Vide
333 1421 422 1462 ibi.
643 1420 646 1425 “

125 1481 180 1522 18
208 1481 400 1536 Refertur
438 1481 618 1534 resolutio
661 1481 748 1521 Sac.
777 1478 1103 1535 congregationis

171 1593 174 1595 Α
200 1542 251 1598 in¹
285 1541 547 1585 Salernitana
594 1541 871 1583 Educationis
919 1538 1098 1581 Nobilis

203 1602 359 1644 Puellae
377 1632 391 1643 .

369 1697 672 1743 CASUS
735 1697 813 1740 VI.

196 1781 326 1826 Asum
355 1779 424 1824 hic
455 1793 651 1838 propono
669 1781 713 1823 in
727 1780 1093 1840 Sac.Congrega-

215 1843 336 1884 tione
367 1840 670 1898 Episcoporurn
689 1870 704 1901 ρ
726 1845 766 1884 &
798 1842 1098 1897 Regularium,

137 1902 396 1946 ventilatum
423 1912 427 1917 ‘
447 1902 491 1942 in
535 1903 796 1944 Salernitana
842 1903 1098 1945 Educationis

135 1963 293 2007 Nobilis
311 1963 455 2005 P-ue'llae
467 1991 480 2011 ‚
511 1962 761 2016 Eminentiss.
778 1992 792 2011 ,
820 1961 873 2006 ὠ
886 1966 1095 2006 Reveren-

128 2022 228 2077 diss.
241 2023 405 2066 Domino
421 2025 546 2065 Card.
561 2024 766 2066 Grimaldo
783 2024 866 2067 ban.
884 2039 997 2067 mem.
1014 2031 1091 2067 Po-

136 2096 267 2127 nente.
284 2086 359 2141 qui
379 2086 440 2126 ita
459 2081 502 2127 se
521 2085 652 2126 habet
669 2114 680 2124 .

155 2158 157 2160 ·
192 2145 255 2186 Ex
278 2147 376 2187 οᾶο
397 2145 665 2187 Monasteriis
692 2146 930 2203 antiquitus
962 2145 1094 2189 aediff-

133 2206 241 2247 catis
272 2234 285 2254 ‚
316 2217 447 2262 atque
482 2205 644 2249 dotatis
675 2207 756 2262 piis
784 2206 1087 2262 largitionibus

135 2264 345 2309 nobilium
359 2265 1099 2324 civium‚PopuliqueSalerni;Sixtus

134 2327 187 2368 V.
209 2324 281 2369 fel.
297 2326 464 2369 record.
491 2340 569 2382 per
582 2327 671 2379 ejus
700 2327 1091 2370 Constitutionem..

135 2394 261 2429 motu
289 2388 462 2443 proprio
493 2387 784 2443 emol-ogatam
803 2383 934 2444 usque
949 2389 1003 2430 de
1019 2387 1093 2432 a'n-

130 2461 188 2491 no
210 2458 256 2496 15
269 2448 341 2496 89.
375 2446 427 2489 ad
441 2449 521 2489 tria
537 2448 683 2490 reduci
701 2447 974 2490 demandavit
990 2477 1003 2497 ,
1027 2451 1092 2490 ni·-

134 2509 284 2549 mirum
296 2507 369 2549 illa
385 2507 426 2548 S.
441 2507 607 2563 Sophiae
624 2537 637 2557 ‚
666 2508 825 2551 Sanctae
837 2507 978 2550 M-ariae
994 2509 1092 2552 Mo·-

135 2567 308 2610 nialium
324 2597 337 2616 ‚
351 2572 392 2611 δι
405 2567 445 2609 S.
462 2568 688 2611 Michaelis
705 2569 869 2616 univit,
886 2573 927 2611 &
945 2570 1089 2612 incor-

129 2629 298 2685 poravit
314 2627 572 2671 Monasterio
585 2630 627 2671 S.
637 2628 841 2685 Georgei;
858 2629 939 2671 alia
953 2629 1088 2673 S.Ma-

130 2690 200 2730 riae
218 2689 392 2730 Pietatis
408 2717 422 2737 ‚
450 2694 491 2733 &
507 2689 548 2730 S.
565 2689 706 2731 Mariae
739 2688 1006 2745 Magdalenae-
1020 2705 1088 2733 re-

130 2749 221 2804 digi
243 2746 485 2804 praescripfit
502 2751 548 2793 in
568 2763 692 2791 unum
710 2764 760 2791 ex
778 2750 916 2791 tribus
935 2753 1082 2793 vacuis

130 2823 210 2866 per
221 2809 491 2864 Apostolicos
504 2809 752 2852 Vifitatorcs
768 2808 1086 2866 designandum,

128 2870 311 2926 Reliqua
340 2869 380 2910 S.
410 2871 632 2913 Laurentii
651 2899 670 2919 ,Α
693 2875 736 2913 &
765 2869 805 2911 S.
822 2869 1002 2927 Spiritus
1031 2873 1085 2914 ad

129 2929 248 2972 aliud
277 2943 401 2972 unum
427 2933 587 2987 pariter
608 2929 754 2972 reduci
776 2932 998 2988 praecepit;
1029 2933 1084 2975 Et

131 3003 186 3031 ne
200 2992 517 3042 praeeminentia
531 3020 544 3040 ‚
570 3006 617 3034 ac
634 2992 913 3050 praerogativa
931 2992 1084 3036 Nobi-

129 3049 233 3092 lium
278 3049 401 3107 ipfius
433 3053 639 3094 Civitatis
672 3052 770 3094 cum
800 3052 1083 3108 Popularibus

130 3108 304 3153 confusa
323 3113 525 3154 evaderet
541 3140 555 3160 ,
573 3113 649 3168 pro
666 3112 903 3155 Nobilibus
923 3126 1084 3156 memo·-

126 3182 219 3213 rata
245 3172 495 3214 Monasteria
521 3173 561 3214 S.
581 3173 746 3228 Georgi
768 3201 782 3220 ‚
818 3177 857 3216 &
886 3172 1082 3221 &Mariae

130 3231 305 3273 Pietatis
324 3231 558 3288 designavi-t
576 3249 586 3278 ς
604 3233 682 3275 Pro
703 3234 887 3277 Civibus
903 3236 1024 3282 vero,
1041 3238 1082 3278 δι

127 3291 409 3348 Popularibus
427 3292 650 3336 destinavit
666 3322 678 3342 ‚
708 3294 816 3336 illud
830 3293 1080 3349 erigendum

130 3350 224 3393 cirm
241 3354 460 3397 antedictis
478 3354 657 3411 geminis
675 3353 919 3397 Monasterii
938 3354 1082 3412 &Spi-

127 3412 234 3452 ritus
250 3440 264 3460 ,
277 3419 317 3457 ὃς
330 3415 370 3454 S.
387 3414 633 3462 Laurentii,
658 3428 707 3456 cx
722 3415 813 3470 post
829 3415 1081 3458 denomina-

128 3482 216 3512 tum
234 3473 273 3513 S.
287 3473 508 3516 Michaelis
531 3475 788 3533 Archangeli
810 3475 863 3516 de
880 3478 1045 3532 Populo
1063 3507 1077 3526 ,

129 3534 167 3573 δε
202 3532 300 3573 dum
317 3535 454 3576 eidem
484 3533 680 3577 Pontifici
698 3537 941 3579 innotuerat
959 3538 1078 3594 quod

127 3590 298 3649 praefata
314 3592 564 3639 Monasteria
580 3595 822 3655 S.Georgei
834 3625 849 3646 ,
876 3601 914 3640 δι
931 3598 971 3639 8.
988 3597 1077 3641 Ma-

186 3656 292 3693 Pars
308 3654 360 3694 II.

2057 301 2177 362 593

1222 386 1292 426 riae
1323 387 1496 429 Pietatis
1524 400 1642 431 erant
1659 389 1826 433 addicta
1843 405 1920 446 pro
1939 392 2176 434 Nobilibus

1221 446 1406 491 Familiis
1423 475 1440 495 ‚
1468 462 1554 490 non
1571 449 1669 491 dum
1695 448 1787 492 usus
1818 449 1900 493 fuit
1930 453 2003 494 illa
2018 466 2176 508 praero-

1221 507 1367 560 gativa
1386 507 1702 552 denominandi*
1717 510 2018 555 Monasterium
2037 514 2178 555 Nobi-

1219 565 1349 615 lium,
1365 565 1436 608 sed
1454 570 1663 626 praecipue
1680 571 1898 613 ordinavit
1913 587 1986 627 per
1998 574 2176 618 verbum

1220 627 1518 682 imperativum
1569 631 1860 686 receptionem
1907 634 2176 676 Puellarum

1216 687 1539 732 Educandarum
1569 691 1797 734 Nobilium
1812 720 1826 740 ,
1855 693 1914 734 ibi
1940 719 1982 727 --
2016 695 2094 734 Sed
2119 695 2175 735 ibi

1220 751 1488 790 tantummodo
1535 751 1779 805 recipiantur
1824 754 1962 794 Puella
1993 752 2173 810 Virgines

1221 809 1419 851 Nobilium
1440 811 1495 852 ibi
1512 812 1775 869 Profefflonem
1791 813 1973 871 emsffiaerae
1991 840 2031 848 --

1279 870 1476 929 Cumque
1504 872 1595 928 post
1634 873 1933 929 praelaudatam
1960 874 2179 917 Reforma-

1220 930 1380 972 tionem
1409 959 1425 980 ,
1454 937 1496 976 &
1512 933 1800 976 reductionem
1834 935 2003 979 istorum
2022 937 2176 978 Mona-

1217 990 1437 1034 steriorum
1467 993 1665 1036 S.Mariae
1690 995 1866 1037 Pietatis
1900 1011 1979 1052 pro
1998 997 2179 1040 Nobili-

1220 1050 1300 1093 bus
1317 1081 1334 1101 ,
1362 1056 1401 1095 δι
1418 1054 1458 1094 S.
1476 1054 1702 1097 Michaelis
1718 1057 1977 1113 Archangeli
1990 1060 2074 1113 ‘pro
2090 1060 2176 1103 Po-

1219 1113 1324 1167 pulo
1339 1142 1352 1161 ‚
1373 1128 1456 1170 prae
1471 1127 1616 1157 corum
1634 1117 1778 1172 inopia
1793 1145 1806 1165 ‚
1826 1118 2073 1175 &egestate
2092 1133 2170 1161 nec

1223 1173 1428 1224 construi,
1446 1189 1521 1217 nec
1537 1175 1681 1232 perfici
1702 1178 1917 1220 valuerant
1940 1207 1952 1227 ‚
1978 1192 2176 1235 propter-

1218 1246 1266 1275 ea
1289 1235 1448 1278 nobilis
1467 1237 1634 1279 Civitas
1652 1239 1813 1281 Salerni
1832 1242 1898 1295 pia
1914 1238 2169 1284 munificen-

1217 1295 1275 1336 tia
1290 1293 1427 1338 subire
1444 1300 1607 1342 curavit
1625 1313 1732 1343 onus
1749 1301 1971 1359 integralis
1990 1299 2174 1343 aedifica-

1216 1355 1347 1399 tionis
1362 1385 1375 1406 ‚
1393 1361 1433 1400 &
1449 1356 1785 1402 conservationis
1800 1390 1813 1409 ‚
1834 1359 1963 1420 usque
1979 1362 2032 1403 ad
2047 1359 2169 1404 creass

1216 1417 1377 1461 tionem
1410 1418 1547 1463 debiti
1567 1421 1709 1463 ducat.
1729 1435 1800 1473 30.
1816 1424 1899 1464 mil.
1914 1451 1927 1471 ‚
1956 1426 1997 1464 &
2014 1421 2172 1481 usque).

1216 1477 1268 1517 ad
1298 1476 1562 1523 solutionem
1576 1482 1717 1524 ducat.
1734 1495 1836 1534 300.
1870 1482 2016 1526 factam
2033 1484 2174 1527 Reve-

1214 1537 1391 1581 rendiss.
1434 1541 1773 1600 Archiepiscopo
1821 1545 2070 1586 Surrentino
2112 1544 2176 1587 uti

1214 1597 1420 1642 visitatori
1441 1603 1691 1658 Apostolico
1710 1633 1725 1653 ‚
1739 1616 1889 1661 praeter
1899 1605 2002 1646 alias
2020 1607 2178 1662 ingen-

1213 1671 1281 1702 tes
1295 1663 1567 1716 pecuniarum
1598 1664 1786 1708 Summas
1804 1677 2002 1722 erogatas
2016 1667 2060 1708 in
2073 1679 2172 1708 exe-

1212 1720 1432 1763 cutionem
1460 1722 1667 1766 Ordinum
1687 1726 1883 1782 Proregis
1902 1727 2136 1782 Neapolis.

1273 1781 1327 1822 Et
1367 1783 1411 1825 in
1441 1783 1707 1827 evincentem
1743 1788 2171 1843 coniprobatimxenu

1213 1853 1282 1885 tot
1297 1840 1603 1886 beneficiorum
1618 1844 1726 1887 adeo
1740 1844 1911 1902 profusa
1923 1860 2046 1900 manu
2064 1847 2171 1889 elar-

1214 1905 1416 1960 gitorum,
1432 1905 1704 1960 peculiariter
1717 1919 1816 1963 erga
1838 1906 2050 1962 praefatum
2069 1907 2170 1949 Mo-

1212 1964 1432 2006 nasterium
1451 1966 1491 2007 S.
1512 1965 1654 2008 Mariae
1674 1966 1848 2008 Pietatis
1867 1997 1881 2017 ,
1911 1979 2049 2009 coetns
2065 1968 2168 2010 No·-

1212 2026 1359 2067 bilium
1388 2023 1550 2082 semper
1580 2027 1797 2082 praeelexit
1824 2030 2064 2085 Deputatos
2084 2027 2170 2070 affl.-

1212 2086 1365 2128 stentes
1392 2101 1470 2143 pro
1501 2100 1645 2129 corum
1674 2090 1862 2144 negotiis
1893 2104 1971 2146 pro
1987 2091 2166 2130 tractan-

1213 2147 1280 2188 dis
1296 2176 1308 2195 ‚
1342 2150 1381 2189 δε
1413 2148 1758 2191 constabiliendis
1774 2178 1788 2198 ,
1817 2163 1864 2191 ac
1881 2165 1958 2205 pro
1987 2163 2165 2192 eorum-³

1211 2208 1470 2264 indigenti-is.
1491 2210 1540 2250 in
1554 2207 1818 2256 univcrsuim
1850 2211 1936 2252 illis
1958 2211 2163 2252 attributa

1210 2267 1538 2312 honorificentia
1552 2266 2169 2328 affociandiA-rcbiepiscopum

1213 2329 1474 2378 visitantem,
1505 2332 1563 2373 ita
1579 2343 1625 2372 ut
1642 2330 1960 2389 Monialesipsae
1984 2331 2065 2374 fine
2086 2347 2164 2374 eo-

1210 2404 1300 2431 rum
1318 2389 1495 2433 confilio
1514 2419 1527 2439 ,
1558 2395 1598 2433 δι
1615 2388 1770 2432 assensu
1787 2404 1952 2435 exteras
1971 2393 2164 2436 Educan-

1208 2450 1524 2492 dasadmittcre
1539 2451 1860 2493 non-valuerant
1876 2481 1888 2500 ,
1918 2457 1959 2494 &
1974 2454 2027 2494 ad
2044 2467 2169 2494 exer-2

1207 2511 1385 2553 cendam
1413 2511 1603 2567 aliquam
1616 2511 1888 2566 gratitudinis
1905 2513 2164 2556 demonstra-

1207 2572 1369 2612 tionem
1397 2599 1410 2618 ,
1443 2569 1661 2613 occasione
1692 2573 1983 2615 renovationis
2013 2574 2164 2616 Abba-

1206 2629 1388 2673 tiffarum
1412 2629 1726 2674 consueverunt
1743 2632 1824 2675 istae
1845 2632 1991 2676 dulcia
2005 2632 2162 2677 eisdem

1208 2692 1438 2746 Deputatis
1456 2691 1708 2734 distribuere
1725 2720 1736 2731 .

1263 2754 1467 2807 Qamvis
1485 2753 1508 2794 a
1523 2752 1757 2808 primordio
1779 2753 1852 2794 ista
1874 2754 2157 2800 Monasteria...

1202 2814 1466 2867 reperiantur
1495 2813 1727 2855 constructa
1744 2815 1795 2854 ad
1815 2815 2050 2858 instantiam
2063 2818 2160 2860 No-

1206 2874 1354 2915 bilium
1373 2901 1388 2921 2
1414 2870 1634 2915 successive
1648 2871 1768 2929 super
1790 2873 1993 2918 aedifica-ta
2009 2890 2158 2920 eorum

1203 2933 1452 2990 graviffimis-
1465 2931 1715 2990 sumptibus,
1727 2937 1767 2976 &
1785 2933 1812 2976 {i
1829 2935 2032 2979 destinata
2043 2952 2161 2981 com.-

1202 2994 1440 3049 probentur
1467 3008 1554 3050 pro·
1575 2994 1833 3050 recipiendis
1850 2996 2005 3039 Puellis
2022 2999 2163 3041 Nobi-

1200 3055 1316 3096 libus
1344 3083 1357 3103 ,
1382 3068 1637 3113 quamquam
1654 3052 1868 3111 semper-*in
1885 3057 1972 3099 illis
1999 3057 2156 3102 fuerint

1203 3126 1383 3171 receptae
1400 3115 1552 3157 Puellae
1570 3112 1752 3173 ipsorum
1765 3117 2157 3176 Nobilium‚q·uod-

1202 3189 1286 3233 que
1317 3188 1456 3233 neque
1473 3176 1562 3218 ullo
1591 3190 1775 3234 unquam
1797 3189 1990 3234 tempore
2006 3180 2157 3222 innua-

1201 3248 1270 3278 tur
1297 3235 1415 3277 casus
1430 3237 1548 3293 quod
1564 3235 1720 3280 fuerint
1745 3238 1906 3290 rejectae
1939 3239 2156 3283 abadmis-

1201 3295 1314 3338 sione
1331 3297 1372 3337 in
1389 3297 1731 3344 Educacionem
1760 3301 1801 3340 δε
1815 3298 1916 3342 licet
1933 3302 1975 3342 in
1993 3301 2068 3342 hac
2087 3315 2154 3342 reu

1200 3354 1354 3414 ligiosa
1382 3356 1650 3399 observantia
1666 3360 1814 3401 vivant
1827 3359 2040 3403 Moniales
2058 3361 2154 3402 Mo-

1198 3418 1473 3460 nasteriorum-
1487 3419 1527 3459 S.
1546 3419 1740 3475 Georgei
1761 3449 1774 3466 ‚
1792 3423 1831 3462 δι
1848 3420 1887 3462 S.
1909 3421 2048 3461 Mariae
2063 3420 2153 3460 Ma-

1198 3477 1387 3534 gdalenae
1419 3478 1706 3534 pariformiter
1727 3480 1950 3522 Nobilium
1969 3507 1980 3525 ,
2014 3482 2054 3520 &
2074 3494 2155 3535 pro

1198 3538 1439 3580 Nobilibus
1491 3540 1791 3582 destinatorum
1823 3568 1838 3586 ,
1878 3539 2150 3580 nihilominus

1199 3598 1410 3642 nonnullae
1438 3600 1650 3643 Moniales
1671 3599 1878 3653 saepediffi
1907 3598 2151 3640 Monasterii

1609 3662 1637 3701 F
1655 3657 1736 3701 fff
1996 3659 2036 3699 S.
2054 3659 2147 3700 Ma-
