2502 3848
331 165 429 226 De
452 161 760 250 Jurepatr.
777 158 989 221 paral.
1011 160 1307 226 Can.XII.
1326 157 1387 223 &
1406 158 1565 222 XIII.
1587 153 1805 254 Casii.

138 275 417 322 concordiam
445 275 553 316 inire
569 269 764 330 expresse
778 270 900 328 super
919 271 1087 327 jurepa-

143 348 336 380 tronatus
347 363 360 382 ,
379 346 450 377 aut
466 332 587 390 super
596 333 686 385 jure
701 330 1086 389 praesentandi-cum

141 400 388 439 interventu
406 394 592 451 pecnniae
608 420 622 441 ‚
639 396 779 449 potest
795 404 936 434 tamen
954 389 1087 432 trans-

139 459 352 500 actionem
382 484 396 504 ,
426 466 499 497 aut
528 454 800 496 concordiam
827 453 934 494 inire
966 449 1086 510 super

27 519 29 521 ’
77 555 82 557 .
140 513 425 560 Univerfitate
439 515 650 557 Bonorum
666 541 680 562 ,
711 512 836 555 cuifit
851 523 1086 556 annexum..-

139 575 453 634 juspatronatus
471 603 485 623 ‚
513 585 584 616 aut
612 569 731 629 super
750 573 986 615 honoribus
1001 600 1013 619 ‚
1043 574 1085 613 &

140 635 468 697 praeeminentiis
483 635 668 677 Patrono
686 633 844 675 debitis
863 660 876 681 ‚
894 634 1084 673 interve-

142 699 288 740 niente
318 694 495 752 pecunia
511 722 525 743 ‚
559 705 629 735 aut
645 689 764 749 super
779 691 1084 749 ipsometjure-

140 768 391 816 patronatus
422 754 529 796 illud
563 753 846 809 permutando
877 751 972 794 cum
996 751 1081 792 alio

139 819 480 872 jurepatronatus
495 845 507 855 .
539 813 621 855 Sed
641 814 694 854 ad
714 815 798 855 hoc
814 826 859 854 ut
872 809 1084 864 hujusmo-

141 878 186 920 di
201 876 433 919 concordia
447 878 524 922 ,δε
537 870 756 916 transactio
775 870 894 929 super
909 873 973 914 his
992 885 1085 914 orn-

152 939 276 979 nibus
297 934 542 979 sustineatur
558 945 710 989 praetcr
739 931 917 975 Causam
933 928 1085 974 ‘neces-

140 997 271 1038 {itatis
288 1025 301 1044 ,
327 995 396 1038 vel
414 994 610 1036 utilitatis
626 1021 640 1042 ,
655 994 883 1050 requiritur
902 989 1083 1035 consen-

141 1056 208 1100 sus
238 1055 503 1111 Superioris,
536 1067 583 1095 ac
613 1054 828 1102 omnium,
852 1053 920 1096 veI
939 1050 1085 1095 saltem

141 1118 313 1169 majoris
343 1115 471 1172 partis
499 1114 765 1169 Regularium
795 1112 1040 1155 Monasterii
1070 1140 1084 1159 ‚

143 1191 229 1220 non
246 1177 417 1233 quidem
431 1189 506 1231 pto
523 1171 791 1216 solemnitate
804 1201 819 1222 ‚
838 1170 911 1216 sed
927 1187 1004 1229 pro
1019 1172 1085 1214 in-

141 1235 289 1281 tercise
305 1233 487 1287 ejusdem
504 1233 770 1281 Monasterii‚
797 1234 920 1275 Card.
936 1234 985 1274 de
1004 1235 1085 1274 Lu-

141 1313 190 1340 ca
203 1298 252 1339 de
269 1296 432 1338 alienat.
451 1294 610 1347 discor-fi
633 1307 669 1334 1.
684 1308 793 1334 num.
810 1308 854 1346 4.
874 1292 1084 1336 Turricell.

141 1359 189 1400 de
201 1358 316 1398 rebus
333 1355 469 1407 Eccleſs
485 1369 561 1395 non
575 1353 750 1396 alienun.
763 1366 847 1409 cap.
867 1365 906 1403 ς.
919 1367 1025 1395 num.
1043 1364 1084 1402 7.

138 1418 206 1460 Ac
222 1418 346 1459 etiam
363 1415 594 1471 requiritur
618 1413 934 1470 Beneplacitum
964 1413 1087 1470 Apo-

147 1477 339 1520 stolicum
354 1504 369 1525 ‚
402 1475 510 1516 itaut
527 1472 553 1515 fi
569 1474 869 1517 Monastetium
885 1473 910 1516 a
924 1473 1086 1515 Funda-

141 1549 238 1580 tore
266 1535 528 1580 substitutum
570 1535 615 1575 in
646 1533 916 1577 universitate
946 1534 1086 1576 bono-

139 1612 229 1640 rum
247 1626 261 1646 ,
291 1598 358 1640 cui
374 1595 420 1638 fit
437 1608 639 1637 annexum
656 1592 967 1650 juspatronatus
983 1622 996 1641 ,
1013 1605 1085 1635 aut

135 1659 182 1700 in
209 1654 390 1714 ipsomet
413 1656 751 1711 jurepattonatus
779 1656 822 1697 in
850 1653 1086 1698 defeetum,

139 1731 287 1760 corum
315 1718 369 1759 de
385 1715 541 1757 familia
557 1715 732 1757 cederet
745 1743 759 1762 ‚
787 1715 1056 1757 renunciaret
1071 1741 1086 1761 ,

139 1789 212 1820 aut
224 1777 460 1820 dimitteret
473 1775 960 1817 dieram'Univerfitatem
976 1802 990 1823 ,
1012 1786 1084 1815 ant

139 1838 327 1881 honores
345 1866 358 1886 ,
385 1841 426 1879 δε
442 1836 780 1892 praeemincntias
808 1837 994 1878 Patrono
1013 1833 1086 1875 de-

139 1897 250 1941 bitas
270 1896 505 1941 Donatario
521 1896 655 1938 ultimi
675 1895 729 1938 de
744 1895 901 1938 familia
913 1923 926 1943 ,
956 1897 1087 1937 inter-

141 1959 336 2001 veniente
348 1958 487 2014 pretio
501 1983 514 2004 ,
525 1956 594 1998 vel
608 1967 866 2011 permutaret
879 1952 1087 2011 juspatro-

142 2029 265 2060 natus
280 2046 294 2066 ‚
309 2018 362 2060 ad
377 2016 497 2074 quod
511 2015 592 2058 fuit
607 2013 868 2059 substitutum
883 2028 976 2057 cum
999 2015 1084 2056 alio

138 2076 618 2133 jurepattonatus,quod
632 2074 719 2133 ipse
737 2076 994 2118 Donatarius
1011 2075 1085 2116 ha·-

140 2136 217 2179 bet
242 2139 286 2179 in
301 2139 387 2180 alia
418 2134 603 2189 Ecclesia
617 2133 776 2194 absque
802 2136 1083 2191 Beneplacito

136 2195 387 2253 Apostolico
403 2195 643 2239 huiusmodi
659 2191 1087 2244 concordia,&trans-

126 2258 252 2300 astio
286 2271 372 2302 non
385 2255 650 2301 sustineretur
673 2285 687 2302 ,
730 2257 829 2314 quia
849 2254 1084 2303 Ecclesia..³
1146 2294 1152 2301 ,

140 2317 209 2360 vel
231 2311 532 2362 Monasterium
552 2346 567 2368 ‚
598 2330 685 2358 non
716 2316 855 2372 potest
873 2315 1056 2357 alienare
1070 2343 1084 2364 ‚

140 2390 218 2419 nec
242 2379 457 2420 remittere
480 2377 569 2430 jura
586 2378 758 2433 propria
773 2389 889 2419 certa
904 2373 1084 2433 absque.-

139 2438 416 2494 Beneplacito
434 2437 685 2493 Apostolico
702 2465 716 2485 ,
736 2437 851 2491 juxta
866 2438 1084 2478 Extrava-

134 2496 500 2554 gant3Ambitiosae
515 2498 562 2539 de
575 2498 656 2539 reb.
668 2497 810 2550 Ecclesl
825 2511 900 2539 non
913 2497 1083 2538 alienun.

138 2558 294 2612 Cephal.
311 2562 409 2611 conſs
431 2572 446 2598 1
456 2572 476 2610 3
486 2571 524 2610 3.
542 2572 647 2599 num.
667 2559 739 2608 78.
756 2557 968 2614 Altograd.
985 2556 1083 2609 cons.

143 2630 213 2669 27.
228 2632 362 2659 num.2
374 2633 413 2667 9.
433 2619 499 2659 lib.
510 2632 544 2657 1.
560 2617 750 2661 Gratian.
765 2616 924 2672 diste-pt.
943 2616 1084 2669 Ecclefl

141 2682 243 2728 674.
257 2684 424 2726 num.6.‚
440 2677 488 2720 ὠ·
490 2679 609 2733 seqq.
620 2677 739 2718 Card.
755 2679 802 2718 de
815 2680 908 2718 Luc.
922 2676 972 2717 de
986 2676 1085 2717 alie-

142 2748 228 2779 nat.
244 2737 334 2790 disc.
354 2752 388 2777 1.
404 2752 507 2778 num.
531 2739 596 2778 18.
629 2738 783 2780 Urceol.
814 2737 863 2777 de
887 2735 1084 2789 transaH.

145 2809 254 2851 capa
266 2811 304 2849 3.
324 2812 472 2850 num.4.
490 2826 502 2846 ‚
517 2796 566 2841 (θ’
586 2810 624 2848 5.
637 2798 826 2839 'AndreoL
839 2797 1084 2849 controvers.

149 2871 202 2910 37
214 2872 250 2898 2.
263 2869 414 2898 numu.
433 2887 446 2907 ‚
463 2858 510 2900 (θ’
515 2860 604 2913 seq.
622 2857 830 2899 Turricell.
843 2859 891 2898 de
909 2858 991 2898 reb.
1009 2860 1086 2898 Ec-

143 2917 229 2971 cles.
242 2932 315 2959 non
326 2918 495 2960 alienan-
510 2931 591 2972 cap.
609 2920 647 2958 8.
659 2931 762 2958 num.
780 2932 844 2971 13.
859 2947 871 2966 ‚
893 2916 941 2961 ὼ
955 2931 994 2957 n.
1017 2930 1033 2956 1
1043 2931 1083 2967 9.

142 2990 228 3019 cum
229 2979 346 3034 seqq.

205 3038 294 3080 Nifi
322 3037 534 3079 Fundator
560 3035 845 3080 substituendo
877 3038 1088 3080 Monaste-

143 3099 249 3140 rium
283 3098 326 3138 in
342 3097 682 3154 jurepatronatus
711 3099 753 3139 in
769 3097 978 3141 defectum
1008 3111 1084 3139 eo-

138 3171 229 3200 rum
247 3157 300 3199 de
317 3155 473 3199 familia
485 3186 498 3206 ‚
523 3156 697 3200 dediffet
714 3160 752 3199 ei
769 3157 1012 3199 facultatem
1029 3158 1082 3198 ll-

136 3217 211 3259 lud
242 3218 451 3260 alienandi
490 3215 647 3274 absque
680 3216 916 3270 hujusmodi
950 3219 1083 3258 Bene-

138 3277 299 3333 placito
317 3305 330 3326 ,
345 3278 465 3318 Card.
481 3279 528 3318 de
540 3281 643 3320 Luca
660 3278 707 3320 de
716 3277 884 3320 alienat.
898 3276 1003 3319 diao
1017 3277 1081 3319 di-

129 3338 257 3390 scurs-
267 3350 301 3378 1.
312 3351 416 3380 num.
425 3350 440 3377 1
452 3351 472 3378 2
483 3339 521 3380 8.

2027 182 2151 241 213

1320 288 2114 347 ,ικῐὶεὶυΜΕΙκῑΤΠΜ’ἰ

1147 391 1346 440 Simonia
1361 408 1416 439 an
1434 394 1740 440 committatur
1757 426 1771 450 ,
1789 390 1818 440 fi
1836 394 1934 459 quis
1950 394 2158 444 nomine-

1217 474 1288 508 tur
1305 461 1358 509 ad
1376 464 1703 511 canonicatum
1726 463 1983 527 erigendum
1996 496 2010 520 ,
2028 481 2159 511 cum..

1215 535 1346 597 pasto
1361 565 1376 590 ,
1413 546 1462 579 ut
1480 530 1655 580 futurus
1676 535 1932 580 Canonicus
1963 547 2163 581 teneatur

1215 600 1391 649 reficere
1411 600 1613 667 expensas
1633 635 1646 659 ,
1673 620 1770 667 quae
1789 616 2024 669 erogantur
2041 606 2087 651 in
2102 604 2159 652 li-

1216 666 1260 719 te
1294 674 1454 738 agitata
1483 688 1566 738 pro
1596 671 1702 720 disti
1738 674 2041 722 Canonicatus
2064 691 2159 721 cre-

1216 745 1365 791 &ione
1385 742 1416 791 ἒ4

1350 848 1967 893 SUMMARIUM.

1130 927 1132 929 ’
1183 942 1200 970 1
1237 929 1404 973 Pac't'um
1419 958 1433 979 ‚
1462 940 1507 972 ut
1521 930 1751 973 nominatus
1775 933 1829 971 ad
1842 931 2159 974 Canonicatuna..

1265 989 1491 1047 erigendum
1513 1001 1702 1033 teneatur
1731 992 1892 1045 reficere
1925 994 2115 1046 expensas
2143 1020 2157 1040 ‚

1269 1064 1352 1106 quae
1376 1063 1594 1109 erogantur
1625 1051 1668 1092 in
1683 1051 1757 1101 litq
1783 1051 1942 1108 agitata
1961 1064 2034 1106 pro
2061 1052 2162 1092 dicii

1263 1111 1525 1154 canonicatus
1541 1112 1804 1159 ereb't'ione‚an
1821 1112 2160 1167 sttfimoniacum?

1180 1183 1200 1210 2
1234 1172 1335 1231 Qae
1348 1171 1468 1227 paHa
1484 1172 1621 1225 apponi
1628 1173 1785 1232 pofft’mt
1803 1170 1845 1212 in
1860 1172 2162 1226 praesentatione

1263 1232 1409 1287 absque
1413 1232 1582 1289 simonia
1594 1233 1612 1274 ἓ·

1178 1302 1200 1342 3
1235 1291 1484 1335 conditiones
1499 1320 1512 1340 ‚
1539 1304 1624 1348 qua
1639 1292 1687 1333 de
1698 1293 1794 1345 jure
1812 1291 1945 1345 insunt
1958 1306 2031 1334 non
2041 1291 2158 1334 indu-

1265 1362 1358 1393 cunt
1359 1352 1570 1408 stmoniam
1583 1381 1594 1392 .

1174 1422 1203 1462 4
1230 1414 1347 1454 Poena
1360 1439 1373 1459 ,
1394 1412 1612 1466 prasertim
1634 1412 1889 1465 privationis
1903 1440 1916 1460 ‚
1932 1413 2156 1464 excufhtur

1256 1483 1332 1571 [zer
1351 1485 1641 1527 quamcumque
1672 1472 1939 1529 ignorantiam
1968 1474 2159 1526 probabi-

1287 1546 1370 1575 ern.

1426 1621 1850 1674 cAsus1L

1146 1730 1205 1839 Ι
1225 1716 1270 1759 Ν
1286 1713 1681 1770 defectumpropriae
1698 1715 1822 1759 lineae
1841 1716 2063 1758 ordinavit
2082 1716 2158 1757 Ti-

1241 1777 1328 1817 tius
1361 1776 1404 1818 in
1434 1774 1523 1827 ej'us
1553 1776 1714 1816 ultimis
1727 1776 1883 1818 tabulis
1905 1778 2159 1820 erectionem

1206 1836 1497 1877 Canonicatus
1515 1836 1557 1876 in
1573 1835 1758 1877 Ecclefia
1779 1837 2031 1879 Cathedrali
2050 1865 2064 1885 ,
2093 1851 2160 1880 rc-

1206 1895 1736 1950 servatoJurepatronatus
1757 1894 1909 1938 favore
1930 1897 2126 1953 Capituli
2146 1914 2158 1943 3

1207 1956 1405 2012 Cumque
1421 1954 1638 2009 purificata
1664 1955 1746 2006 jam
1762 1956 1870 1997 dicta
1896 1953 2159 1999 substitutio-

1207 2029 1259 2057 ne
1287 2015 1375 2068 ejus
1405 2016 1536 2057 haeres
1566 2028 1764 2057 renueret
1797 2017 1946 2060 dictam
1980 2017 2158 2059 eredtio·

1207 2090 1301 2119 nem
1316 2074 1457 2117 facere
1488 2103 1501 2124 ,
1530 2074 1612 2117 fuit
1628 2075 1653 2117 a
1669 2075 1874 2131 Capitulo
1897 2076 2157 2126 judicialiter

1205 2148 1442 2179 conventus
1459 2148 1600 2177 coram
1617 2135 1728 2178 A·C.
1742 2163 1755 2183 ,
1774 2135 1977 2193 dicstoque
1991 2137 2153 2189 judicio

1203 2196 1419 2254 pendente
1441 2195 1686 2251 Capitulum
1718 2197 1952 2239 nominavit
1982 2197 2032 2238 ad
2068 2199 2156 2240 Ca-

1205 2257 1451 2299 nonicatum
1470 2266 1514 2298 ut
1529 2252 1649 2311 supra
1663 2256 1930 2311 erigendum,
1946 2257 2128 2307 Caium)
2141 2287 2154 2307 ‚

1203 2314 1278 2358 sub
1290 2316 1447 2372 ealege
1461 2344 1475 2365 ‚
1507 2318 1548 2358 &
1567 2317 1687 2370 pacto
1706 2317 1950 2372 approbato
1982 2317 2035 2358 ab
2055 2317 2154 2372 Epi-

1205 2374 1351 2432 scopo,
1369 2375 1487 2434 quod
1505 2376 1753 2418 nominatus
1773 2387 1967 2420 teneatur
1983 2376 2155 2420 reficere

1205 2435 1406 2493 expensas
1424 2434 1617 2478 Ecclefiae
1635 2449 1713 2491 pro
1731 2435 1808 2477 lite
1831 2439 1988 2494 agitata
1999 2451 2076 2493 pro
2094 2451 2156 2480 re-

1205 2497 1478 2552 cuperatione
1507 2495 1808 2540 nonnullorum
1837 2497 2047 2540 bonorum
2069 2498 2155 2540 Ca-

1205 2558 1460 2604 nonicatus,
1489 2555 1595 2597 alias
1617 2568 1703 2598 non
1718 2556 1982 2612 intelligatur
2014 2559 2151 2599 nomi-

1209 2628 1331 2658 natus
1354 2644 1366 2655 .
1382 2616 1479 2657 Lite
1496 2615 1761 2671 postmodum
1777 2613 1981 2673 superata,
1999 2613 2152 2674 sequu-

1206 2688 1334 2733 taque
1351 2676 1640 2717 canonicatus
1655 2676 1867 2718 erectione
1882 2705 1895 2725 ‚
1931 2677 2061 2728 Cajus
2088 2679 2154 2720 vi-

1208 2749 1312 2794 gore
1340 2734 1515 2792 praefatae
1531 2736 1840 2777 nominationis
1875 2750 1959 2779 non
1989 2736 2153 2780 solum.»

1204 2795 1527 2843 fuitinstitutus‚
1543 2792 1614 2837 sed
1631 2797 1756 2838 etiam
1781 2796 1834 2838 ad
1858 2797 2029 2839 titulum
2045 2795 2154 2851 ejus-

1205 2857 1301 2897 dem
1317 2856 1608 2897 Canonicatus
1626 2867 1850 2911 promotus
1864 2885 1876 2897 .

1263 2918 1362 2969 Qo
1380 2913 1472 2957 casu
1488 2915 1693 2972 quaeritur
1706 2917 1841 2971 primo
1865 2940 1905 2950 --
1937 2922 1999 2959 An
2027 2928 2150 2960 tama

1204 2975 1402 3024 Canonici,
1417 2975 1545 3029 qudm
1560 2976 1685 3028 Cajus
1700 2975 1904 3033 indigeant
1917 2977 2150 3029 absolutione

1203 3035 1243 3076 in
1258 3046 1424 3089 utroque
1426 3034 1522 3088 foro
1536 3063 1550 3084 ,
1563 3035 1612 3077 &⁶
1628 3047 1826 3090 quatenus
1838 3036 2086 3090 affirmativi²
2101 3037 2120 3077 ἓ

1261 3094 1488 3143 Secundo:
1520 3099 1581 3137 An
1609 3097 1733 3147 cajus
1740 3095 1800 3149 sit
1826 3097 2057 3151 privandur
2072 3102 2150 3140 Ca-

1204 3154 1385 3196 nonicatu
1401 3154 1483 3196 &c-
1499 3155 1518 3196 ἒ

1262 3214 1331 3256 Ad
1350 3226 1575 3271 utrumque
1590 3215 1781 3270 negative>
1812 3213 2148 3272 respondendum

1201 3273 1352 3317 censeo
1369 3303 1382 3323 ,
1399 3275 1600 3332 quoniam
1621 3274 1807 3331 expensae
1824 3276 1910 3317 litis
1929 3275 2016 3318 fieri
2033 3290 2146 3319 nom

1202 3335 1416 3377 debebant
1432 3334 1454 3376 a
1470 3335 1672 3390 Capitnlo
1703 3363 1716 3384 ,
1745 3335 1860 3387 cujus
1883 3337 1948 3389 jus
1970 3335 2147 3392 praesen-

1202 3396 1319 3436 tandi
1335 3409 1418 3437 non
1436 3407 1523 3436 erat
1539 3396 1579 3435 in
1596 3395 1896 3445 controversia,
1910 3397 1979 3439 sed
1999 3411 2049 3438 ex
2066 3397 2146 3438 bo-

1202 3456 1265 3497 nis
1282 3483 1297 3505 ,
1322 3453 1394 3497 seu
1407 3453 1607 3500 fructibus
1625 3455 1751 3513 ipsius
1766 3458 2058 3501 canonicatus
2073 3469 2149 3496 no-

2035 3525 2145 3558 viter
