2456 3802
322 269 399 314 ιο

274 270 300 335 5
372 361 941 432 ARGUMENTU
970 361 1052 408 M.

209 481 379 546 Legato
414 477 611 524 Dorium
632 474 722 538 jam
740 472 941 521 instituto
973 488 1028 518 an
1046 467 1229 535 Episco-

278 567 361 617 pus
396 545 530 614 poffit
560 545 745 609 adjicere
775 542 1082 592 conditionem
1106 538 1231 606 quod

280 618 479 671 Personae
531 615 815 664 nominandae
853 612 1231 679 frequentaverint

276 691 554 740 Doctrinam
589 688 912 741 Christianam,
948 693 1064 732 &an
1097 679 1233 746 poffit

287 763 523 827 probibere
558 757 820 806 habentibus
845 756 913 816 jus
935 751 1235 807 nominandi,

290 835 347 883 ne
358 834 591 881 nominent
603 828 809 878 Personas
822 824 896 872 sibi
911 824 1238 890 dependentes,

287 914 332 956 &
350 905 599 952 Familiares
623 903 639 952 ἓ

421 1009 449 1053 5
480 1011 523 1051 U
554 1008 600 1050 M
632 1006 678 1048 M
709 1004 747 1047 A
780 1003 815 1044 R
845 1003 863 1043 Ι
894 999 936 1040 U
967 999 1039 1040 M.

259 1124 278 1154 1
314 1108 389 1153 Ad
421 1106 644 1161 Episcopum
671 1117 724 1145 ex
754 1100 871 1156 officio
881 1096 1040 1154 speHat
1059 1108 1239 1137 curare,

341 1180 388 1211 ut
398 1182 531 1209 omnes
547 1164 655 1208 Fidei
671 1158 1064 1213 rudimentasciant„

256 1248 279 1274 2
313 1230 516 1285 Episcopus
535 1241 588 1268 an
604 1224 709 1283 possit
723 1224 917 1277 imponere
946 1224 1085 1273 Legata
1094 1215 1158 1269 pio
1173 1229 1240 1254 no-

342 1305 425 1333 vas
444 1287 681 1330 conditiones
701 1303 711 1332 ;
745 1284 792 1326 (φ
809 1296 925 1324 onera
943 1309 955 1328 ,
970 1291 1052 1333 quae
1074 1290 1147 1318 non
1153 1277 1239 1331 sint

343 1351 380 1392 ei
391 1346 683 1406 praejudicialia
703 1348 720 1387 ἒ
742 1350 780 1389 &
804 1358 913 1385 num.
937 1354 975 1390 ς.

259 1428 283 1470 3
321 1411 521 1466 Episcopus
546 1412 692 1464 Legato
727 1404 887 1446 Dotium
918 1403 1114 1456 imponere
1128 1411 1241 1439 non.)

338 1470 475 1528 potest
505 1472 550 1511 de
571 1484 673 1510 novo
701 1464 984 1510 conditionem
1013 1472 1055 1501 ut
1073 1458 1241 1510 Personae

343 1531 589 1573 nominandae
617 1524 970 1582 frequentarerint
1014 1518 1244 1563 Doe‘i‘rinam

347 1592 614 1645 Christianam
629 1618 643 1637 ‚
665 1588 711 1631 ὠ
726 1588 881 1642 quare?
902 1584 997 1624 vide
1020 1582 1103 1622 ibi.

255 1669 285 1707 4
315 1659 422 1708 Papa
435 1665 638 1708 nunquam
654 1642 1092 1699 intenditpraejudicare
1111 1645 1247 1681 Patro·

320 1726 322 1728 ’
344 1715 406 1757 nis
422 1742 435 1762 ,
450 1724 519 1754 aut
534 1710 688 1768 pafflve
701 1705 859 1750 vocatis
877 1706 930 1747 ad
942 1701 1133 1758 Beneficia
1152 1729 1165 1749 ‚
1198 1698 1246 1741 &⁶

346 1775 402 1816 ad
427 1774 508 1813 alia
527 1784 640 1825 opera
650 1769 719 1823 pia
735 1798 745 1809 .
1222 1819 1231 1827 ι
1263 1797 1267 1801 .

258 1840 288 1890 λ6
319 1834 524 1890 Episcopus
542 1829 696 1871 hortari
708 1826 831 1882 potest
848 1825 1112 1874 habentesjus
1130 1833 1251 1861 nomi-

347 1894 474 1936 nandi
498 1892 648 1946 puellas
665 1919 678 1938 ,
708 1890 761 1929 ad
777 1893 965 1943 Legatum
980 1883 1142 1926 Dotium
1158 1910 1170 1928 ‚
1205 1892 1248 1922 ut

349 1953 482 2010 potius
499 1951 694 1993 nominc-nt
717 1949 871 2003 puellas
889 1975 901 1992 ,
923 1942 1247 2000 quaefrequenta-

352 2011 494 2056 ‘crerint
519 2011 757 2054 Doc‘lrinom
778 2006 1042 2060 Christianam
1063 2034 1075 2053 ,
1094 2019 1250 2059 quarn.)

351 2074 445 2116 illas
458 2103 471 2123 ,
489 2086 572 2128 quae
588 2072 710 2113 talem
725 2069 963 2112 Dominam
981 2079 1053 2106 non
1054 2065 1250 2119 frequen-

351 2144 542 2179 tavermt
558 2163 568 2173 .
978 2135 986 2143 ·

262 2210 290 2250 7
322 2197 524 2251 Episcopus
535 2193 715 2249 proibere
732 2205 804 2232 non
811 2187 933 2245 potest
949 2184 1176 2227 habentibus
1184 2184 1252 2235 jus

353 2255 582 2298 nominandi
603 2254 658 2294 ad
674 2256 798 2293 Dotes
829 2251 878 2290 ne
890 2247 1085 2288 nominent
1100 2246 1250 2301 puellas

346 2317 424 2372 fibi
441 2315 697 2370 dependentes
713 2341 725 2360 2
747 2308 1032 2363 &firmiliures
1049 2337 1060 2348 .

534 2403 574 2444 C
607 2401 645 2442 A
678 2399 703 2439 S
735 2398 776 2438 U
807 2399 833 2439 S
896 2398 947 2439 V.

375 2522 528 2564 Vidam
559 2520 753 2563 Testator
783 2521 824 2560 in
844 2519 995 2560 ultimo
1014 2545 1027 2565 ‚
1061 2530 1148 2574 quo
1179 2514 1253 2557 de-

239 2527 355 2641 O
391 2582 501 2625 ceffit
518 2582 667 2638 elogio
686 2581 857 2636 reliquit
877 2579 1017 2621 omnia
1037 2577 1124 2628 ejus
1139 2577 1253 2618 bona

300 2644 470 2686 cuidam
486 2641 833 2699 Congregationi
857 2639 1081 2681 Nobilium
1098 2665 1109 2685 ,
1143 2649 1184 2678 ut
1202 2650 1253 2677 ex

299 2702 665 2746 eorumfruetibus
693 2698 1253 2755 distribuerenturquolibet

301 2777 415 2806 anno
430 2774 614 2821 quatuor
630 2763 755 2803 dotes
770 2759 916 2804 favore
939 2771 1119 2816 quatuor
1137 2757 1256 2814 puel-

297 2825 429 2866 larum
449 2824 627 2879 propriae
647 2822 808 2869 Patriae,
828 2835 920 2879 quae
939 2820 1013 2861 {int
1036 2831 1256 2874 pauperes,

306 2884 487 2927 honestae
506 2912 528 2932 ,ι
548 2888 588 2927 δε
609 2884 729 2924 bonae
745 2881 864 2924 famae
881 2909 893 2929 ‚
923 2879 1174 2922 reservando
1190 2878 1255 2930 jus

304 2945 554 2987 nominandi
576 2943 740 2999 puellas
758 2943 808 2983 ad
829 2938 1066 2992 hujusmodi
1090 2939 1229 2980 Dotes
1244 2966 1258 2986 ,

304 3005 444 3046 eidem
461 3003 806 3061 Congregationi
825 3031 837 3050 ,
870 2998 1100 3055 Episcopus
1118 3011 1256 3040 autem

307 3065 350 3104 in
369 3067 458 3106 actu
474 3063 726 3107 visitationis
757 3064 798 3103 in
817 3062 1114 3104 distribuendis
1145 3057 1256 3100 hisce

306 3124 498 3166 Dotibus
518 3126 621 3166 duas
640 3124 777 3166 voluit
795 3135 1010 3178 apponere
1034 3121 1255 3164 conditio-

314 3195 389 3227 nes
420 3186 609 3226 nimirum
649 3184 767 3241 quod
785 3181 972 3224 Pcrsonae
995 3180 1258 3225 nominandae

308 3240 678 3297 frequentaverint
707 3245 950 3286 DoCtrinam
968 3243 1259 3286 Christianam

310 3305 352 3344 &
371 3302 487 3357 quod
517 3304 869 3346 concurrentibus
902 3303 1058 3359 puellis
1082 3302 1259 3343 existen-

308 3361 428 3402 tibus
446 3388 458 3406 ,
483 3364 522 3403 &
539 3377 628 3417 quae
645 3366 876 3405 extiterunt
899 3365 939 3404 in
955 3364 1103 3405 actuali
1122 3391 1134 3411 ,
1171 3361 1256 3403 ser-

307 3421 421 3463 vitio
442 3420 604 3460 illarum
622 3421 891 3464 Personarum
925 3424 1166 3465 habentium
1188 3437 1273 3470 vo-‚

309 3493 398 3521 tum
429 3481 470 3520 in
489 3480 781 3522 distributione
799 3483 962 3524 dotium
979 3511 992 3531 ‚
1025 3481 1271 3533 hujusmodi⁴

303 3540 361 3582 Pe
373 3539 503 3583 rsonae
541 3540 732 3583 abstineri
764 3540 947 3583 debeant
971 3557 1049 3597 pro
1072 3557 1119 3584 ea
1137 3542 1264 3585 vice&

692 236 1183 309 Commentaria'
1206 233 1288 299 ad
1303 229 1586 318 fingulos
1611 232 1916 293 Canones

1344 349 1608 406 praestatione
1639 341 1821 399 suffragii
1850 340 1922 385 sub
1949 356 2075 399 poena
2106 342 2314 391 nullitatis

1355 411 1467 456 aetus
1486 437 1497 447 .
1513 406 1594 446 Sed
1615 406 1708 446 cum
1729 406 1802 446 has
1823 404 2098 446 conditiones
2115 402 2316 447 observa-

1356 484 1400 511 re
1416 464 1575 509 recuset
1594 464 1763 520 praefata
1789 466 2088 520 Congregatio
2118 465 2161 507 in
2181 465 2318 507 distri-

1356 530 1533 572 butione
1563 527 1635 568 dd.
1653 527 1830 568 Dorium
1850 554 1864 575 ,
1890 526 1987 567 hinc
2005 525 2092 568 duo
2122 538 2317 582 quaerun-

1359 602 1430 632 tur
1446 618 1457 629 .

1326 683 1345 704 ι,
1420 651 1591 691 Primo:
1623 653 1681 689 An
1709 646 1910 701 Episcopus
1939 647 1981 688 in
2007 646 2315 700 distributione,

1359 711 1527 754 Dorium
1540 722 1609 763 per
1628 707 2167 765 Congregationemfacienda
2180 735 2193 755 ·,
2209 708 2317 765 poffi't

1361 771 1534 824 adjicere
1548 768 1923 825 conditionem,quod
1931 767 2065 823 puellae
2076 767 2323 810 nominande

1349 830 1716 887 frequentaverint
1743 830 1978 871 Dofflrinam
1990 828 2252 880 Christianam
2268 830 2288 869 ἓ

1421 891 1646 933 Secundo:
1681 896 1738 932 An
1754 890 1859 931 idem
1878 890 2079 944 Episcopus
2106 888 2320 946 pofficpro-

1365 953 1495 994 hibere
1524 952 1699 1004 Personis
1714 952 1882 1004 ejusdem
1908 949 2230 1005 congregationis
2247 950 2321 991 ha-

1367 1012 1545 1054 bentibus
1567 1014 1634 1064 jus
1648 1012 1820 1052 vorandi
1833 1012 1875 1052 in
1889 1010 2157 1062 distributione
2172 1010 2322 1053 dotium

1363 1075 1416 1116 ne
1442 1071 1624 1126 praestent
1652 1083 1793 1112 votum
1823 1100 1836 1120 ,
1867 1073 1955 1125 casu
1984 1085 2058 1126 quo
2082 1081 2318 1113 concurrant

1362 1133 1499 1189 puellae
1517 1133 1566 1173 ab
1590 1134 1676 1187 ipsis
1701 1133 1956 1187 dependentes
1973 1159 1986 1180 ,
2012 1142 2083 1171 aut
2099 1130 2288 1187 quaesunt
2304 1158 2319 1179 ‚

1369 1194 1589 1246 &suerunt
1602 1193 1642 1234 in
1653 1207 1782 1234 eorum
1797 1193 1948 1234 aHuali
1943 1191 2121 1246 servitio
2122 1192 2198 1244 sub
2201 1202 2317 1245 poenae
2379 1203 2383 1211 ·

1370 1253 1574 1296 nullitatis
1594 1253 1707 1294 acius
1723 1282 1734 1293 .

1315 1329 1332 1355 1
1430 1315 1482 1356 Et
1509 1315 1638 1369 prima
1662 1312 1771 1356 facie
1802 1313 2138 1369 respondendum
2155 1313 2322 1355 videtur

1369 1375 1420 1416 ad
1443 1377 1618 1429 primum
1635 1375 1807 1417 dubium
1825 1373 2068 1419 affirmative
2087 1402 2100 1422 ‚
2117 1374 2216 1430 quia
2232 1370 2325 1429 spe-

1372 1440 1454 1478 etat
1478 1436 1530 1477 ad
1552 1434 1801 1491 Episcopum
1828 1450 1877 1477 ex
1907 1434 2050 1477 officio
2073 1447 2245 1481 curare,
2277 1444 2323 1475 ut

1373 1510 1521 1538 omnes
1555 1495 1672 1537 Fidei
1690 1496 1924 1538 rudimenta
1944 1493 2097 1543 sciant,
2124 1505 2173 1536 ut·
2185 1493 2323 1535 earite

1375 1556 1642 1604 doceantur,
1667 1570 1714 1597 ac
1742 1557 2004 1611 explicentur
2035 1584 2047 1603 ‚
2082 1559 2120 1597 &
2154 1555 2324 1596 adhoc

1375 1616 1672 1673 exequendum
1704 1620 1889 1660 Curatos
1907 1617 2149 1658 Animarum
2164 1612 2327 1670 specia-

1372 1677 1471 1718 liter
1500 1677 1758 1732 compellere
1777 1677 1886 1718 unde
1909 1691 1960 1718 ex
1976 1674 2118 1718 officio
2147 1684 2320 1731 poterat

1357 1734 1612 1793 'Episcopus
1655 1738 1872 1794 requirere
1894 1738 1952 1777 ¹in
2000 1735 2154 1791 puellis
2189 1734 2328 1777 nomi-

1379 1797 1529 1841 nandis
1545 1798 1597 1839 ad
1612 1795 1862 1853 supradietas
1900 1798 2041 1838 Dotes
2073 1796 2326 1853 qualitatem

1343 1899 1347 1905 ,
1378 1857 1741 1915 frequentationis
1764 1857 1975 1899 Doctrinae
2003 1855 2326 1908 Christianaeju-

1375 1931 1446 1961 xta
1466 1918 1587 1961 Text.
1619 1917 1660 1959 in
1676 1930 1759 1972 cop.
1783 1924 1882 1960 Ante
1896 1916 2137 1972 Baptismum
2161 1916 2210 1958 de
2239 1928 2332 1958 cona

1367 1981 1519 2033 fiet-at.
1534 1977 1620 2030 disi.
1630 1992 1666 2030 3.
1679 1977 1810 2019 concil.
1827 1977 2007 2020 Trident.
2023 1974 2244 2034 cap.4.ftffi
2259 1988 2330 2026 24.

1379 2041 1425 2081 de
1442 2037 1600 2094 reform.
1621 2039 1781 2091 Barbos
1797 2039 1842 2079 de
1855 2037 1950 2093 offic.
1965 2067 1978 2087 2
2007 2036 2054 2080 ό
2062 2034 2211 2090 potes}-
2237 2035 2330 2091 Epi-

1362 2099 1473 2154 scopi
1490 2100 1603 2155 alleg.
1626 2103 1694 2144 76.
1714 2112 1817 2139 num.
1839 2112 1908 2150 37.

1440 2162 1533 2202 Nec
1560 2156 1800 2200 adversatur
1817 2159 1934 2216 quod
1952 2156 2219 2201 versemuriin
2229 2155 2331 2203 casu

1377 2221 1530 2278 Legati
1550 2219 1726 2262 Dotium
1755 2219 1836 2270 jam
1856 2218 2053 2267 fundati,
2083 2222 2122 2262 δι
2151 2217 2330 2260 instituti

1379 2282 1404 2323 a
1432 2279 1650 2323 Test-atore
1669 2277 1826 2336 absque
1867 2278 2067 2336 requifito
2085 2278 2335 2336 frequenta-

1380 2342 1511 2385 tionis
1543 2341 1753 2385 Doctrinae
1783 2339 2025 2381 Christianae
2043 2368 2056 2389 ,
2081 2353 2127 2380 ac
2146 2337 2330 2395 proinde

1381 2413 1469 2444 non
1499 2397 1612 2456 p'offe
1628 2400 1799 2442 videtur
1829 2396 2063 2455 Episcopus
2077 2398 2166 2455 post
2179 2397 2333 2442 funda-4

1380 2463 1544 2504 tionem
1561 2458 1719 2515 praefati
1735 2460 1976 2518 Legatijam
1994 2459 2141 2502 factam
2161 2487 2175 2507 ,
2202 2471 2334 2516 appo-

1354 2536 1375 2564 2
1396 2535 1494 2563 nere
1506 2519 2057 2573 hujusmodi'conditionem
2079 2537 2091 2567 ς
2121 2520 2333 2579 Qoniam

1379 2581 1718 2640 distinguendum
1741 2580 1799 2622 est
1828 2581 1938 2623 inter
1958 2593 2090 2623 novas
2117 2579 2333 2624 conditio·-

1383 2655 1475 2690 ηας,
1492 2646 1530 2684 &
1547 2644 1661 2698 p'ae'ta
1677 2641 1990 2697 praejudicialia‚
2005 2644 2046 2683 &
2058 2637 2236 2683 onerosa
2251 2639 2332 2681 Ec-

1382 2701 1511 2745 clefiae
1527 2731 1541 2751 ‚
1557 2707 1597 2747 δι
1611 2703 1773 2757 Legato
1787 2702 1859 2758 pio
1873 2729 1886 2750 ,
1902 2702 2064 2744 &inter
2081 2713 2211 2744 novas
2227 2712 2337 2742 con-

1384 2764 1573 2805 ditiones
1591 2791 1604 2814 ,
1617 2767 1655 2805 &
1671 2764 1787 2819 pacta
1804 2775 1887 2804 non
1905 2761 2228 2819 praejudiciaIia‚
2262 2757 2334 2802 sed

1383 2823 1505 2878 utilia
1534 2821 1755 2872 Ecclefiae,
1784 2834 1854 2865 aut
1882 2825 2045 2880 Legato
2077 2822 2176 2877 pio.
2200 2819 2333 2863 Licet
2381 2850 2384 2853 ·

1385 2884 1497 2928 enirn
1522 2885 1656 2940 prima
1672 2884 1828 2940 apponi
1845 2896 1930 2926 non
1964 2882 2110 2938 possint
2128 2882 2151 2923 εὶ
2168 2879 2335 2922 Funda-

1382 2956 1476 2986 tore
1494 2971 1508 2991 ‚
1538 2956 1679 2986 tamen
1710 2941 1889 2985 secunda
1919 2943 2084 2999 apponi
2106 2942 2221 2984 valet
2240 2938 2332 2997 post

1381 3003 1675 3046 fundationem
1706 3020 1717 3050 ;
1753 3003 1949 3060 adeoque
1978 3017 2070 3044 cum
2101 2999 2334 3058 supradiffa

1382 3064 1578 3107 conditio
1604 3063 1958 3121 frequentationis
1980 3064 2190 3109 Doctrinae
2206 3059 2334 3106 Chri-

1384 3125 1518 3168 stianae
1552 3139 1636 3167 non
1672 3123 1718 3166 fit
1747 3124 2042 3181 praejudicialis
2061 3151 2075 3172 ‚
2104 3122 2189 3165 imo
2215 3120 2332 3163 utilis

1383 3185 1549 3241 Legato
1565 3185 1742 3227 Dotiurn
1760 3213 1774 3233 ‚
1802 3182 1990 3242 sequitur
2009 3182 2127 3241 quod
2143 3182 2334 3238 potuerit

1381 3242 1615 3300 Episcopus
1649 3245 1764 3286 illam
1792 3258 2008 3300 apponere
2039 3243 2130 3300 post
2144 3238 2330 3293 ejusdem

1385 3307 1538 3363 Legati
1551 3304 1844 3347 fundationem
1863 3333 1875 3345 .
1902 3310 1993 3347 Roc.
2008 3305 2055 3344 de
2067 3312 2172 3343 curt.
2183 3302 2230 3342 de
2245 3303 2335 3359 ‘Ju-

1387 3376 1515 3419 repat.
1544 3366 1659 3406 verb.
1694 3370 1768 3406 Pro
1787 3379 1828 3406 eo
1844 3379 1882 3419 q.
1902 3377 1966 3415 13.
1995 3377 2098 3404 num.
2117 3375 2185 3410 29.
2210 3363 2271 3403 ibi
2291 3375 2335 3396 -··-

1386 3429 1468 3480 Ego
1500 3425 1539 3464 in
1569 3425 1634 3465 hoc
1650 3425 1792 3476 punHo
1811 3425 1922 3465 credo
1945 3423 2147 3464 dicendum
2174 3422 2341 3477 qubdst
2386 3459 2390 3463 .

1387 3498 1498 3526 novae
1513 3484 1746 3525 conditiones
1763 3513 1776 3531 ,
1805 3485 1874 3524 vel
1886 3496 1995 3541 nepa
2009 3485 2131 3535 pasta
2135 3486 2221 3538 sint
2234 3494 2336 3535 pra-

1384 3543 1607 3597 judt'iciolio
1627 3545 1794 3599 Ecclefiae
1811 3547 2052 3591 Patronatae,
2069 3543 2118 3586 ὠ*
2133 3543 2194 3585 itti
2203 3556 2337 3584 onero-

2250 3603 2336 3656 sas
