2456 3802
0 0 5 43 f
25 0 76 27 NJ„

428 174 530 235 De
543 171 754 259 Jurep.
777 171 1153 237 Par.II.Can.
1177 174 1368 240 XXV.
1389 177 1530 241 Cafi
1553 178 1625 242 ΙΙ.

0 142 5 170 ι

3 180 6 212 1

2 280 5 302 ⁸
89 301 108 341 ς
142 294 218 331 Pet·
231 286 447 340 clausulam
463 311 505 320 -
519 283 681 328 sublata
699 312 740 320 --
754 286 1052 330 &decretum-‚0

1 338 6 435 l
22 362 25 363 ⁷
172 348 346 390 irritans
381 346 424 387 in
459 343 806 395 constitutionibus
831 348 1053 402 Apostolicis

171 408 341 464 'apposita
357 406 514 448 tollitur
530 406 653 446 omnis
673 409 876 449 contraria
899 409 1054 461 consue-

114 487 116 489 *
174 470 268 510 tudo
280 496 294 517 ‚
309 466 358 510 &¹
375 480 448 508 non
460 469 550 519 usus
565 493 576 503 .

85 539 122 579 9·
145 529 312 572 Verbum
323 527 620 569 Cabimentum
638 525 738 582 quid
734 529 934 585 significet
946 530 963 569 ἒ
979 529 1054 570 Vi·-

173 588 226 629 de
240 589 300 630 ibi
316 616 328 627 .

20 680 24 691 .
55 661 106 689 12
141 648 266 692 Verba
283 647 323 688 in
337 646 450 687 dubio
471 646 628 699 semper
632 645 733 697 fient
751 646 1050 702 intelligenda„

1 705 32 766 ξ
171 708 301 757 vere,
316 707 364 750 &⁴
373 705 559 761 proprie,
562 717 647 745 non
669 720 804 748 autem
820 707 1050 762 improprie.

0 766 75 829 1423
86 780 114 822 3
143 767 403 822 Appellatione
419 764 695 821 Beneficiorum
719 782 772 808 an
784 767 826 806 in
836 768 1050 809 eludantur

29 826 42 871 :⁶
172 827 356 883 beneficia
382 826 584 867 manualia
598 853 612 873 ,
629 837 700 867 aut
703 827 904 882 fmpltces
920 828 1051 869 admi-

174 887 424 941 nistrationes
439 887 456 928 ἓ
472 890 512 928 &
527 899 638 929 num·-
628 899 716 938 14.

5 942 15 957 ¹
41 957 114 999 ,15-
146 949 377 1005 Afferuntur
385 947 503 999 plura
532 946 713 1006 exempla
728 974 741 994 ,
773 947 912 1001 quibus
930 949 1049 1000 osten-

170 1007 281 1048 ditur
310 1007 559 1048 Commendas
589 1020 662 1046 non
691 1019 843 1049 vacare
863 1019 938 1062 per
954 1010 1049 1049 ade-

109 1091 114 1096 ·
165 1067 340 1122 ptionem
356 1067 608 1120 Episcopatus
625 1093 641 1104 .

62 1132 115 1170 16
145 1128 386 1181 Referuntur
413 1127 610 1173 sententia
629 1153 642 1173 ‚
679 1124 728 1168 ὠ
736 1127 1047 1179 fundamenta„

114 1208 118 1209 ⁷
170 1189 208 1228 S.
241 1190 350 1229 Rota
363 1186 583 1238 sentientis
614 1190 870 1228 Commendas
894 1203 1050 1230 vacare

165 1260 239 1301 per
249 1247 491 1300 adeptionem
506 1247 760 1301 Episcopatus
770 1276 784 1297 ,
801 1253 840 1291 &
858 1263 970 1291 num.
983 1263 998 1288 1
1009 1262 1050 1301 7.

178 1321 194 1346 1
205 1309 244 1347 8.
255 1321 270 1346 1
279 1320 320 1355 9.
336 1312 376 1349 δε
391 1319 410 1345 2
420 1322 461 1345 0.
1042 1350 1046 1354 ⁴

8 1391 10 1402 ι
35 1370 49 1397 ⁴
59 1380 82 1408 2
91 1383 114 1408 0
129 1365 468 1408 commendatarii
475 1376 660 1409 tenentur
670 1368 835 1420 refidere
839 1381 915 1423 per
930 1370 1050 1424 quin-

122 1446 127 1449 ·
169 1426 376 1482 quennium
385 1425 426 1466 in
440 1427 681 1468 Commendis
692 1454 705 1474 ‚
725 1427 808 1470 &⁵
792 1443 833 1470 tn
848 1429 1048 1483 eisfhcere

119 1495 121 1497 ’
170 1487 484 1531 meliorationem
514 1490 635 1539 cnjus
661 1499 794 1529 autem
822 1493 1047 1547 naturast

107 1570 112 1576 -
170 1546 388 1598 huJ‘usmodi
400 1547 641 1601 reficientia.
630 1548 647 1575 2
665 1547 773 1588 Vide
790 1562 900 1592 num.
918 1564 987 1602 32.

50 1603 109 1649 2⁴21
142 1607 513 1650 commendatarius
550 1607 752 1647 removeri
776 1625 849 1650 non
873 1609 996 1664 potest
1017 1626 1044 1650 a

104 1686 107 1688 ·
170 1667 404 1708 Commenda
420 1667 497 1721 nisi
505 1682 557 1708 ex
572 1667 753 1722 legitima
769 1670 908 1722 causa.

10 1731 14 1736 '
53 1739 112 1768 22
142 1726 374 1781 Impetratio
391 1727 809 1780 dispenfhtionissuoer
828 1730 1046 1771 retentione

168 1786 468 1852 beneficiorum,
494 1788 754 1878 praesuppont't
774 1790 1048 1844 defi’etumfa-

108 1866 114 1870 ·
165 1847 328 1888 cultatis
343 1845 567 1900 retinendi.

52 1917 75 1948 2
83 1918 106 1959 3
129 1910 228 1949 Non
243 1921 370 1947 omnes
398 1896 631 1948 commenda
661 1910 699 1947 S.
714 1908 930 1965 Religionis
946 1910 1047 1959 Hie-

104 1985 108 1990 ·
163 1966 442 2025 rql'olymitanae
461 1967 559 2020 sunt
586 1968 801 2009 intitulata
827 1998 839 2018 ,
873 1969 922 2014 ὠ·
946 1982 1043 2024 per-

108 2052 113 2056 *
158 2038 312 2081 pctuae.
625 2053 628 2058 -

13 2098 109 2141 3-4
139 2087 371 2129 Commenda
383 2086 465 2127 alia
477 2085 530 2137 est
535 2099 728 2142 perpetua
743 2117 757 2137 ,
783 2088 832 2132 &⁶
849 2089 939 2131 alia
946 2101 1045 2131 tem-

13 2160 42 2187 ,ς’
158 2146 338 2200 poralis

14 2192 74 2253 *ζα
83 2217 114 2258 5
143 2207 374 2248 Commenda
398 2208 627 2261 temporalis
640 2224 714 2250 non
725 2221 850 2250 vacat
862 2222 935 2263 per
952 2212 1045 2252 ade-

22 2324 23 2327 Ἰ
157 2265 334 2321 ptionem
367 2267 639 2323 Episcopatus.
631 2286 641 2295 ·
674 2270 728 2310 Et
761 2282 907 2327 quarc-
923 2272 1043 2313 vide,

18 2332 38 2367 ί
56 2343 74 2384 3
167 2327 228 2370 ibi
240 2351 255 2368 ¹·

11 2423 16 2428 .
19 2382 105 2453 {³26
135 2387 368 2429 Commenda
393 2388 623 2442 temporalis
648 2391 777 2444 anst
809 2390 1044 2446 materiasi-

163 2446 321 2488 moniae.

42 2512 102 2562 27
134 2507 368 2548 Commenda
391 2508 619 2563 temporalis
633 2523 706 2550 non
718 2509 770 2562 est
777 2521 1008 2564 perpetua...
1028 2540 1041 2560 ,

164 2582 230 2608 nec
241 2565 334 2608 ali'u
350 2594 363 2615 ,
379 2582 447 2609 nec
463 2568 711 2622 aptitudine3
729 2573 767 2611 &
786 2583 894 2611 num.
913 2585 932 2610 2
943 2585 983 2619 9.

21 2627 111 2691 ,Ξῖ-38
135 2627 371 2682 Beneficium
400 2629 455 2668 ad
469 2629 536 2669 hoc
561 2640 603 2670 ut
622 2628 783 2669 dicatur
806 2640 1041 2697 perpetuum

153 2687 308 2740 saltem
327 2687 549 2742 aptitudine
559 2716 573 2736 ,
587 2688 689 2744 quid
699 2689 943 2742 requiritur.

17 2743 113 2820 431)
133 2747 384 2814 Cappellania
394 2762 496 2788 mere
510 2748 662 2789 laicalis
678 2776 690 2795 ‚
706 2759 776 2790 aut
786 2749 1043 2802 administra-

162 2806 218 2849 tio
234 2807 452 2862 Hospitalis
471 2822 545 2850 non
559 2817 686 2883 vacat
706 2820 783 2862 per
795 2809 1041 2863 adeptionem

160 2865 435 2921 Epistopatus.

39 2930 96 2980 31
130 2927 333 2981 Dispositio
350 2928 503 2970 Textus
528 2930 569 2969 in
587 2942 677 2984 cap.
696 2940 788 2968 cum
816 2929 858 2971 in
877 2930 1036 2971 cunetis

162 2986 216 3027 de
235 2988 354 3029 elect.
380 2987 430 3030 &
446 2988 607 3029 Concilii
631 2987 856 3030 Tridentini
885 3003 976 3045 cap.
994 3003 1035 3039 4.

105 3063 114 3069 ’
158 3044 244 3088 seff.
262 3062 301 3099 7.
318 3048 366 3090 &¹
380 3047 607 3099 Constitutio
634 3047 798 3103 Gregori
814 3052 929 3090 XIII.
939 3062 1037 3103 pro-

21 3197 29 3218 ,
115 3177 120 3182 ’
159 3178 239 3209 tem
253 3168 559 3222 temporalibus.

39 3238 66 3281 3
75 3240 97 3281 3
131 3228 493 3270 Commendatarius
510 3228 669 3285 effei‘t'us
692 3227 894 3281 Episcopus
904 3242 1033 3268 rema-

108 3303 114 3310 ·
160 3299 228 3328 net
238 3288 450 3344 Religiosus
466 3316 479 3335 ‚
495 3287 544 3330 (θ’
557 3286 790 3343 astringitur
800 3288 909 3328 votis
931 3315 944 3336 ,
955 3288 1036 3340 fi’d

112 3358 117 3365 “
162 3362 235 3389 non
250 3359 394 3390 retinet
395 3347 491 3400 sub]
499 3347 684 3388 ec‘Jtonem
688 3347 958 3400 personalem
1005 3357 1009 3360 ’

17 3419 117 3474 334
132 3411 205 3448 Per
221 3408 463 3461 adeptionem
482 3407 736 3462 Episcopatus
755 3435 768 3455 ,
793 3420 876 3462 quae
888 3419 1034 3450 vota-2

18 3470 36 3517 ‘ij
159 3466 319 3523 Profiff
316 3481 398 3508 oms
411 3468 630 3510 laxentur.
662 3467 778 3509 Vide.
784 3467 871 3508 ibi.

105 3546 111 3555 ·
157 3532 255 3568 Pars
276 3529 326 3567 II.

113 3125 122 3134 ·
160 3108 301 3148 cedunt
324 3108 365 3149 in
393 3108 632 3149 Commendis
655 3108 858 3162 perpetuis
871 3123 948 3149 non
961 3123 1036 3149 au-
1061 3161 1064 3164 ‚

1115 307 1136 346 3
1143 306 1179 346 ς’
1201 296 1434 336 Commenda
1460 306 1651 350 perpetua
1682 306 1808 337 vacat
1829 307 1905 350 per
1929 297 2108 351 adeptio-

1167 373 1170 375 >
1231 369 1315 395 nem
1331 356 1583 409 Episcopatus
1597 386 1608 396 .
1641 357 1793 397 Limita
1810 368 1855 397 ut
1871 363 2058 410 num.36.

1114 425 1168 464 37
1201 416 1375 455 Summus
1391 416 1578 469 Pontifex
1605 417 1822 470 dispensare
1842 416 1966 471 potest
1980 418 2113 461 cunc-u

1223 485 1402 528 promoto
1418 477 1474 516 ad
1490 476 1773 531 Episcopatum,
1791 489 1835 518 ut
1854 478 2027 519 retineat
2041 479 2108 519 he-

1167 540 1171 549 ‘
1226 534 1366 588 neficia
1380 536 1428 575 de
1436 537 1770 590 jurepatronatus
1783 537 1919 577 laicali
1931 567 1942 576 .

1387 615 1683 659 CASUS
1752 616 1818 657 II.

1210 700 1417 742 Romotus
1435 699 1516 741 fuit
1532 700 1584 741 ad
1612 699 1908 757 Episcopatum
1930 702 2103 758 quidam

1109 704 1191 814 P
1222 761 1364 817 Eques
1382 758 1814 817 Hierosolymitanus‚
1830 763 1903 818 qui
1918 762 1996 803 unz}
2010 776 2102 803 cum

1167 821 1438 864 Commenda
1456 820 1688 875 poffidebat
1704 824 1829 863 etiam
1848 834 2006 864 certum
2026 823 2104 864 be-

1159 879 1363 922 neficium
1400 880 1570 936 fimplex
1587 881 1652 928 de
1665 881 2005 937 jurepatronatus
2025 883 2104 924 lai-

1165 942 1248 982 cali
1261 970 1273 988 ,
1304 945 1343 982 &
1363 942 1551 982 obtinuit
1578 921 1960 999 dispensationem
1945 958 1967 984 a
1985 945 2106 984 Sum-

1165 1013 1236 1042 mo
1249 1000 1457 1043 Pontifice
1473 1002 1684 1043 retinendi
1700 1000 1934 1057 specialiter
1947 1003 2101 1046 dietum

1164 1060 1421 1103 ⁴beneficium
1436 1062 1658 1116 patronale
1672 1062 1752 1103 unz‘t
1766 1076 1858 1103 cum
1874 1061 2100 1119 Episcopa-

1166 1133 1211 1162 tu
1226 1122 1434 1164 hinc.duo
1453 1123 1645 1163 oriuntur
1661 1122 1789 1164 dubia
1807 1153 1818 1163 .

1225 1183 1407 1224 Primum
1427 1182 1482 1224 est
1500 1208 1542 1215 --
1560 1189 1618 1223 An
1632 1194 1704 1235 per
1714 1184 1993 1236 promotionem
2005 1212 2018 1231 ,
2049 1182 2098 1224 dy

1158 1243 1416 1296 *adeptionem
1471 1242 1717 1295 Episcopatus
1764 1242 2103 1285 Commendatarii

1166 1314 1288 1342 vacet
1304 1304 1568 1344 commenda.

1223 1362 1461 1404 Secundum
1477 1387 1516 1395 —-
1535 1365 1595 1402 An
1607 1364 1782 1403 Summus
1805 1362 1996 1415 Pontifex
2012 1378 2097 1404 cum

1161 1426 1341 1464 Promoto
1357 1423 1412 1463 ad
1427 1422 1690 1489 Episcopatum
1705 1423 1920 1476 dispensare
1931 1422 2039 1480 pofflt
2053 1434 2099 1465 ut

1162 1481 1232 1534 iste
1261 1482 1485 1536 beneficium
1513 1482 1561 1522 de
1581 1482 1912 1537 jurepatronatus
1940 1483 2099 1524 laicalis

1162 1543 1370 1584 retineat?

1112 1622 1130 1650 1
1161 1622 1164 1627 ·
1239 1603 1451 1646 Nonnulli
1483 1603 1694 1646 Advocati
1737 1604 1878 1659 magni
1915 1605 2101 1646 nominis

1164 1664 1376 1706 Doctrinae
1393 1691 1406 1711 ‚
1438 1677 1484 1705 ac
1499 1660 1718 1719 Sapientiae
1736 1665 1911 1718 primum
1927 1665 2099 1706 dubium

1164 1722 1265 1769 satis
1285 1723 1454 1765 celebre
1482 1726 1524 1766 in
1545 1725 1675 1767 Curia
1694 1752 1707 1771 ‚
1742 1727 1781 1765 δε
1797 1725 1948 1765 acriter
1962 1722 2101 1779 dispu-

1160 1795 1296 1824 tatum
1312 1785 1356 1824 in
1373 1785 1413 1826 S.
1430 1784 1540 1826 Rota
1563 1784 1604 1824 in
1622 1784 1875 1825 Melevitana
1905 1789 2102 1826 Commen-

1161 1844 1222 1884 <de
1250 1859 1380 1884 coram
1394 1847 1443 1884 R.
1461 1849 1505 1886 P.
1520 1850 1571 1886 D.
1590 1850 1781 1901 Lancetta
1804 1845 1894 1896 jura
1913 1846 2099 1899 promoti

1163 1905 1219 1945 -ad
1234 1902 1528 1959 Episcopatum
1555 1916 1726 1947 tuentes
1756 1905 1954 1959 negative
1971 1901 2102 1947 resol-

1159 1965 1361 2005 vvendum.
1381 1961 1648 2009 censebaut‚;
1680 1964 1927 2005 Fundabant
1963 1965 2102 2006 enim..-

1164 2026 1272 2066 hanc
1301 2023 1445 2065 eorum
1477 2025 1761 2066 intentionem
1782 2025 1838 2064 in
1869 2037 1952 2071 eo,
1978 2025 2099 2080 quod

1164 2084 1440 2129 Com-mendae
1464 2084 1503 2124 S.
1533 2084 1770 2141 Religionis
1796 2081 2103 2139 Hierosolymi-

1164 2155 1270 2186 tanae
1286 2158 1370 2185 non
1385 2142 1460 2184 fint
1477 2143 1683 2185 beneficia
1700 2156 1918 2199 perpetua,
1932 2141 2002 2185 sed
2018 2158 2102 2185 me-

1164 2219 1242 2253 rae,
1271 2218 1318 2246 ac
1336 2203 1538 2259 simplices
1568 2204 1948 2256 administrationes
1967 2205 2102 2247 bono-

1163 2279 1255 2307 rum
1268 2293 1281 2313 ,
1299 2264 1495 2320 adedque
1514 2266 1752 2319 incapaces,
1767 2276 1813 2304 ut
1828 2265 2104 2319 comprehen-

1165 2326 1208 2367 di
1226 2325 1407 2368 'valeantr
1424 2322 1498 2366 sub
1525 2323 1797 2380 dispositione
1811 2324 2006 2366 Concilii
2022 2326 2103 2367 La·
2147 2339 2155 2345 ·

1163 2385 1393 2427 teranenfis
1411 2385 1557 2444 {relata
1585 2385 1626 2424 in
1654 2396 1737 2438 cap.
1765 2385 1852 2425 cum
1879 2385 1922 2424 in
1948 2386 2099 2426 cunetis

1166 2450 1207 2494 ς.
1223 2447 1320 2488 cum
1335 2444 1432 2486 vero
1448 2445 1627 2486 deceleet.
1646 2473 1658 2492 ‚
1685 2458 1775 2500 quae
1794 2445 1958 2486 inducit
1977 2459 2100 2487 vaca-

1164 2507 1328 2549 tionem
1345 2503 1648 2547 beneficiorum
1664 2518 1738 2559 per
1759 2506 2101 2559 promotionem.)

1164 2567 1221 2608 ad
1237 2562 1560 2620 Episcopatum,
1579 2575 1623 2604 ut
1639 2564 1735 2605 dixi
1742 2564 1784 2605 in
1801 2562 2018 2620 superiori
2025 2569 2100 2606 Ca-

1150 2626 1205 2679 su
1220 2638 1325 2667 num.
1332 2638 1372 2674 7.

1109 2701 1129 2726 2
1165 2711 1169 2715 ·
1224 2685 1353 2738 Qod
1371 2658 1610 2737 hujusmodi
1629 2685 1899 2726 Commendae
1916 2698 2000 2727 non
2019 2685 2095 2727 sint

1167 2743 1372 2787 beneficia
1387 2756 1591 2800 perpetua
1613 2743 1888 2786 desumebant
1906 2746 1958 2786 ab
1981 2745 2099 2800 Apo-

1143 2805 1324 2846 -stolicis
1342 2805 1801 2850 Constitutionibus;ex
1816 2802 1998 2854 ejusdem
2017 2805 2098 2846 Re-

1163 2865 1339 2920 ligionis
1355 2864 1671 2910 stabilimentis3
1708 2879 1757 2905 ex
1773 2862 2097 2906 formulaOrdi-

1162 2927 1278 2967 naria
1310 2924 1363 2965 de
1397 2925 1482 2965 illis
1518 2924 1801 2980 providendis
1826 2929 1932 2966 &cx
1950 2925 2098 2965 unani-

1163 2987 1220 3026 mi
1255 2986 1486 3026 Docstorum
1518 3013 1532 3032 ,
1572 2988 1612 3026 δε
1643 2985 1931 3026 Tribunalium
1963 2985 2095 3026 tradi-

1162 3046 1280 3086 tione
1297 3071 1308 3082 .
1412 3078 1415 3081 .

1221 3105 1274 3143 Et
1288 3103 1461 3159 quidem
1482 3103 1752 3147 exordientes
1768 3105 1820 3146 ab
1834 3105 2094 3159 Apostolicis

1161 3162 1549 3207 Constitutionibus
1579 3164 1714 3218 primo
1733 3165 1832 3206 loco
1860 3162 2092 3206 afferebant

1158 3223 1278 3264 illam
1296 3224 1361 3262 Pii
1376 3223 1428 3263 ΙΙ.
1452 3224 1494 3263 in
1511 3237 1594 3280 qua
1609 3224 1803 3266 Summus
1821 3223 2020 3266 Pontifex
2035 3237 2098 3266 tc-

1160 3283 1288 3326 statur
1318 3308 1371 3321 --v
1388 3284 1666 3335 Praeceptorias
1698 3283 1912 3338 Hospitalis
1945 3299 2096 3341 nequa-

1159 3357 1296 3398 quam-¹-
1312 3342 1480 3395 existere
1499 3343 1683 3397 beneficia
1714 3344 2000 3397 Ecclefiastica‚
2022 3345 2099 3396 fied

1147 3403 1346 3458 simplices
1373 3402 1734 3456 administrationes
1762 3430 1804 3437 --
1833 3402 2093 3460 ulteriusque

1162 3463 1440 3518 progrediens
1476 3461 1616 3505 subdit
1649 3463 1699 3504 ab
1733 3461 1843 3506 hisce
1865 3468 2096 3514 Commen-

1575 3524 1693 3581 Ggg
1738 3538 1757 3562 2
2030 3522 2094 3562 dis
