2456 3802
332 176 432 239 De
444 174 654 262 Jurep.
671 170 805 236 Par.
820 172 891 234 11.
915 126 1073 237 Canss
1092 173 1350 240 xxvfl.
1374 172 1684 238 cafivln.
1701 173 1806 235 IX.

112 300 151 330 to
168 288 297 329 l'anno
311 297 386 341 per
412 286 454 327 la
473 286 740 328 celebrazione
764 284 807 326 di
833 285 953 343 M‘ffi'
973 283 1057 327 &a

110 352 144 391 E
151 348 294 403 perche
312 345 416 389 detti
429 346 527 387 Beni
525 345 669 396 stabili
685 346 713 387 l'
729 345 776 388 ho
784 344 974 405 poffi’duti
988 359 1056 385 con

112 408 274 465 qualche
275 406 455 461 scrupulo
473 434 486 454 ‚
515 405 631 459 lascio
657 407 701 448 al
715 406 822 448 detto
835 404 1058 455 Monastero

111 480 218 510 tutte
233 468 369 509 l’altre
384 465 599 522 consistenti
610 466 651 507 in
667 466 804 521 cinque
816 494 830 514 2
858 465 944 518 osci
958 468 1060 505 Luo-

105 529 177 586 ghi
204 527 247 569 di
260 527 397 569 Monti
414 527 498 571 ὀνο.
510 527 673 579 siccome
699 526 892 582 ogn'altra
909 525 1029 578 cosa„
1045 554 1058 573 ,

108 589 177 630 che
199 587 276 645 egli
285 586 399 629 terra*
422 587 486 629 nel
496 586 571 627 mio
587 585 672 630 &c-
698 586 741 626 di
757 595 861 628 tutte
886 585 1059 629 l'altrQ,

114 649 228 690 robbe
241 675 255 696 ,
295 649 360 688 che
372 647 408 688 io
423 647 537 700 luscio
553 646 580 686 d
595 646 697 688 detti
712 649 789 687 PP.
798 658 919 701 prego
935 645 965 685 li
979 660 1060 685 me-

112 708 245 765 deslmi
270 723 295 748 a
295 707 432 760 farmi
451 707 491 748 la
507 706 649 749 Carita*
677 707 720 747 di
737 706 968 758 riceversele
987 717 1058 759 per

115 767 308 823 Sacri-'ficii
329 766 513 821 destinati
525 767 606 808 alla
619 766 800 821 cappella
815 766 906 807 dell'
924 766 1060 807 Anime

111 830 178 870 del
204 828 434 884 Purgatorio
437 830 594 883 situata
622 827 724 867 nella
740 825 876 879 Chiesa
896 825 938 866 di
951 825 1060 866 detto

113 889 194 929 loro
207 887 431 939 Monastero
451 887 492 929 in
494 886 714 945 suffiaggio
729 886 827 928 delle
840 887 948 928 dene
963 885 1060 927 Ani-

116 963 177 991 me
193 948 258 989 del
268 948 501 1004 Purgatori0
513 976 526 995 ‚
541 962 560 987 e
574 948 651 988 mia
669 977 680 986 .

180 1011 278 1066 Qo
302 1007 395 1050 casu
424 1008 644 1064 quaeritur:
680 1012 739 1050 An
761 1007 843 1047 loca
861 1007 1061 1047 Montium

114 1068 259 1111 relicta
280 1069 349 1122 dd..
376 1068 561 1109 Patribus
587 1066 792 1108 Theatinis
814 1067 1054 1120 subjaceant

120 1129 232 1171 oneri
252 1128 466 1188 Mtffarum
485 1128 804 1178 celebrandarum
829 1127 869 1167 in
885 1126 1063 1180 cappella

113 1189 349 1233 Animarum
363 1187 621 1245 Purgantium
634 1202 765 1228 eorum
781 1188 971 1243 Ecclefia?

59 1259 80 1289 1
173 1245 452 1303 Respondeo:
475 1249 687 1304 Negative
706 1276 719 1295 ,
738 1249 837 1305 quia
852 1247 1063 1289 dd.10ca.,

114 1309 307 1352 nentium
354 1308 712 1365 comprenduntur
728 1308 770 1350 in
801 1309 929 1365 prima
945 1306 1063 1350 Insti-

113 1370 279 1411 tutione
298 1370 481 1410 omnium
500 1368 703 1410 stabilium
718 1397 731 1417 ‚
756 1372 796 1410 δι
813 1369 1064 1410 introitum-2

114 1442 318 1471 annorum
340 1457 353 1477 ,
370 1431 467 1470 dum
484 1426 570 1484 ipsa
586 1430 761 1470 veniunt
778 1426 850 1470 sub
871 1429 1062 1470 nomine)

113 1489 379 1537 stabilium‚&
395 1491 519 1532 annui
535 1489 727 1531 redditus
757 1489 879 1529 Card.
896 1489 943 1528 de
958 1491 1062 1527 Luca

116 1550 164 1591 de
182 1549 317 1606 Regal.
331 1548 421 1602 disc.
435 1561 508 1601 43.
522 1564 632 1590 num.
652 1563 667 1587 1
679 1562 714 1587 2·
728 1576 741 1595 ,
756 1551 848 1589 Rot.
863 1547 975 1599 decis.
993 1549 1062 1585 66.

114 1623 222 1651 num.
245 1621 310 1649 10.
325 1622 456 1648 coram
471 1609 609 1666 Royaſs
636 1608 764 1650 Unde
780 1608 899 1650 ficuti
923 1609 1064 1649 Bona-2

113 1669 278 1711 stabilia
296 1696 309 1716 ‚
339 1668 394 1711 de
415 1670 571 1725 quibus
602 1666 649 1709 fit
667 1670 830 1711 mentio
846 1669 888 1709 in
906 1669 1062 1724 prima„

113 1729 376 1771 institutione
418 1742 504 1771 non
545 1728 682 1770 habet·
713 1742 919 1771 annexum
953 1740 1061 1769 onus

112 1786 322 1831 Miffarum
338 1789 380 1830 in
397 1788 603 1845 Cappella
623 1788 851 1831 Anitarum
884 1790 1066 1845 Purgan-

112 1850 217 1892 tium
249 1848 365 1890 dietae
392 1847 581 1890 Ecclefiae
596 1877 610 1897 ‚
641 1845 713 1888 sed
745 1846 877 1891 solum
910 1849 1066 1889 habent

0 1883 3 1968 l
114 1922 323 1951 annexum
367 1923 473 1951 onus
506 1906 716 1950 scutorum
751 1912 848 1951 οέὶο
889 1923 965 1964 pro
999 1919 1064 1948 tot

0 1969 1 1975 ’
113 1968 259 2017 Miffis,
276 1970 335 2010 ita
352 1982 427 2010 nec
444 1969 515 2010 dd.
532 1969 644 2010 Loca
661 1969 870 2011 Montium
890 1986 900 2015 ς
917 1968 1063 2009 Solum

111 2026 354 2080 huJusmodi
387 2043 494 2070 onus
521 2028 730 2070 Miffarum
762 2031 803 2071 in
822 2029 931 2070 dieta
949 2031 1061 2083 Cap-

114 2089 228 2146 pella
250 2088 409 2130 habent
424 2089 512 2130 aliae
537 2103 604 2130 res
621 2117 634 2137 ‚
659 2103 748 2146 quae
767 2090 1065 2146 relinquuntur

29 2170 33 2174 ·
118 2149 192 2191 dd.
209 2149 402 2190 Patribus
416 2149 456 2189 in
473 2146 652 2191 secunda
667 2149 932 2191 Institutione
949 2149 1008 2190 ibi
1022 2174 1064 2181 --

118 2209 178 2253 Di
188 2219 296 2251 tutte
308 2209 444 2249 l'altre
458 2210 586 2257 robbe‚
602 2209 667 2250 che
681 2209 715 2250 io
732 2210 848 2263 luscio
863 2209 947 2252 &a

178 2269 232 2310 Et
251 2269 310 2311 ita
327 2267 407 2310 fuit
435 2267 663 2311 resolutum
690 2270 713 2312 ὲ
730 2271 853 2311 Sacra
870 2272 1069 2325 Congre-

114 2330 291 2386 gatione
310 2329 352 2371 in
365 2331 540 2371 Romana
554 2330 679 2371 oneris
697 2330 905 2388 Mffzrum
925 2343 944 2368 2
955 2333 1067 2370 0.Fe-

114 2388 271 2431 bruarii
293 2401 420 2441 1712.
448 2418 461 2438 ‚
483 2403 558 2445 per
578 2403 701 2447 quam
737 2389 1069 2433 resolutionem,

115 2448 287 2492 fuerunt
323 2460 532 2491 revocatae
559 2447 840 2493 resolutiones
869 2451 982 2506 prius
1000 2450 1071 2490 ha-

116 2510 215 2552 hitae
249 2510 291 2550 in
321 2508 468 2551 eadem
497 2507 616 2552 causa
654 2523 724 2563 24.
752 2509 865 2562 Maji
900 2523 1026 2562 1710.
1057 2539 1070 2558 ‚

115 2569 379 2628 &18.⁶Julii
402 2583 529 2622 1711.

225 2659 894 2709 ARGUMENTUM.

60 2737 251 2794 Εῐεᾶο
267 2735 534 2790 Beneficio
552 2740 607 2791 in
636 2734 862 2792 Ecclesia
879 2738 1069 2794 Cathe-

140 2814 273 2870 drali
291 2854 305 2877 ,
333 2819 389 2869 &
411 2815 647 2889 apposito
677 2837 837 2871 onere
865 2814 1068 2871 Benefi-

139 2897 279 2956 ciato
295 2893 592 2950 celebrandi
610 2893 814 2958 Missa8‚
844 2899 899 2950 &
919 2896 1067 2950 Divi·
1098 2898 1103 2901 ’

142 2996 210 3028 na
224 2971 434 3035 Officia,
454 2993 512 3028 ac
525 2974 859 3036 inserviendi,
879 2979 933 3029 &
949 2972 1067 3029 refi-

139 3053 302 3108 dendi
321 3055 376 3106 in
392 3053 616 3108 Ecclesia
630 3094 645 3117 ‚
667 3075 731 3108 an
746 3052 1069 3109 Beneficium

139 3132 202 3187 fit
217 3131 544 3188 residentiale
564 3141 582 3186 ἓ

259 3238 286 3279 S
316 3239 360 3279 U
391 3239 436 3279 M
469 3239 514 3279 M
545 3239 585 3282 A
617 3239 651 3281 R
683 3239 702 3280 1
734 3238 776 3279 U
804 3238 875 3280 M.

99 3313 119 3341 1
154 3298 374 3352 Restdentia
391 3299 442 3352 est
457 3298 609 3353 triplex
625 3328 636 3339 .

98 3373 120 3400 2
156 3364 362 3402 Promotus
378 3360 435 3399 ad
444 3359 720 3402 Canonicatum
737 3388 751 3408 ,
782 3371 854 3401 aut
875 3360 930 3400 ad
951 3362 1069 3400 Paro-

0 3463 13 3483 ἵ
185 3418 313 3459 chiam
340 3431 499 3462 tenetur
509 3432 582 3473 per
600 3420 648 3472 st·
671 3419 790 3473 ipsum
806 3448 819 3466 ,
851 3419 987 3462 &non
995 3433 1068 3474 per

0 3477 17 3544 ξ
170 3478 436 3531 substitutum
455 3480 655 3533 inservire
669 3496 680 3526 3
698 3483 737 3523 &
753 3494 863 3523 num.
884 3493 922 3532 3.

11 3554 15 3555 ⁷
138 3551 140 3554 ·
180 3543 281 3580 Pars
313 3543 365 3580 II.
844 3563 849 3567 ·

2007 195 2181 257 5151

1151 298 1180 338 4
1208 285 1443 340 Beneficium
1444 285 1621 339 simplex
1637 285 1684 324 de
1709 283 1805 333 jure
1824 284 2018 324 communi
2035 288 2131 340 resi-

1248 345 1424 387 dentiam
1438 346 1613 402 requirit
1628 374 1639 385 .

1156 418 1174 456 5
1211 406 1442 460 Beneficium
1457 406 1632 460 simplex
1657 418 1711 446 ex
1733 403 1914 459 generali
1929 404 2132 457 consuetu-

1238 465 1330 507 dine
1340 480 1414 505 non
1427 466 1479 518 est
1493 464 1740 521 refi'dentiale
1755 480 1766 509 ς
1784 464 1867 505 Sed
1889 465 2027 506 limita
2043 492 2056 512 ‚
2087 476 2132 506 ut

1242 540 1352 568 num.
1363 539 1428 578 14.

1153 592 1179 626 6
1209 592 1314 630 onus
1333 586 1603 627 celebrationis
1635 584 1841 642 Miffizrum
1876 585 2132 636 injunctum„-

1240 647 1420 701 bencficio
1440 659 1513 687 non
1525 646 1658 686 reddit
1674 644 1775 685 illud
1788 645 2031 696 refidentiale
2047 673 2058 684 .

1153 721 1178 760 7
1211 713 1287 750 Per
1288 709 1336 760 st’
1339 707 1481 761 facere
1494 707 1583 763 quis
1600 703 1835 760 dicitur‚qui
1846 716 1919 758 per
1932 704 2052 744 alium
2052 704 2131 757 sa-

1243 768 1324 814 cit;
1355 766 1557 823 Intellige
1578 796 1592 816 ‚
1610 779 1653 807 ut
1672 780 1785 807 num.
1808 777 1874 814 15.

1158 829 1183 869 8
1215 826 1596 871 Verbuminservire
1618 856 1631 876 ,
1656 842 1709 868 an
1723 826 1871 880 inferat
1889 823 2128 879 pernecesse

1247 888 1496 942 residentiam
1513 889 1530 929 ἒ

1155 963 1180 999 9
1217 948 1435 999 Residentia
1451 946 1574 994 am&
1591 947 1748 1001 quando
1760 946 1899 1003 diffi’ra
1911 955 1930 985 t
1943 945 1992 985 ab
2008 944 2134 984 inter-

1241 1008 1397 1065 effi’ntia
1445 1025 1454 1053 ς
1487 1007 1536 1050 &
1551 1007 1649 1062 quid
1659 1009 1719 1062 sit
1752 1008 1918 1062 residere
1932 1033 1945 1051 ‚
1972 1003 2021 1047 ὠ·
2036 1004 2134 1058 quid

1241 1067 1417 1126 intereffi’
1433 1096 1444 1108 .
1478 1068 1588 1109 Vide
1604 1067 1663 1109 ibi
1680 1095 1693 1115 2
1713 1070 1750 1108 &
1769 1080 1879 1108 num.
1903 1069 1967 1104 16.

1131 1140 1147 1167 1
1159 1143 1182 1167 0
1213 1127 1443 1181 Beneficium
1459 1142 1513 1169 ex
1528 1127 1666 1182 quibus
1682 1127 1919 1180 conjec'luris
1936 1153 1949 1173 ‚
1978 1124 2026 1166 ὠ·
2049 1124 2132 1164 cir-

1243 1187 1484 1239 cumstantiis
1491 1188 1695 1242 probetur,
1711 1188 1876 1241 quodslt
1894 1185 2130 1238 reficientia-

1244 1249 1280 1289 le
1296 1279 1307 1289 .
1338 1248 1448 1291 Vide
1467 1249 1555 1298 ibi,
1574 1253 1615 1292 δε
1632 1260 1818 1290 num.11.
1840 1260 1904 1287 12.
1921 1249 1960 1287 ὃς
1981 1259 2046 1297 13.

1399 1348 1694 1390 C-ASUS
1755 1348 1855 1389 IX.

1221 1434 1437 1476 Undarum
1454 1434 1533 1476 fuit
1557 1436 1580 1477 ὲ
1597 1435 1783 1493 quodam
1816 1436 1888 1491 pio
1907 1434 2128 1475 Testatore

1125 1442 1205 1550 F
1240 1496 1488 1537 auetoritate
1518 1496 1731 1536 Ordinarii
1755 1493 2006 1536 Beneficium
2023 1494 2073 1535 A.
2090 1495 2130 1535 in

1185 1556 1364 1613 quadam
1397 1555 1579 1596 Ecclesia
1598 1556 1845 1596 Cathedrali
1875 1568 1967 1596 cum
2001 1551 2131 1595 rescr-

1184 1615 1358 1658 vatione
1374 1613 1726 1669 jurispatronatus
1739 1614 1887 1658 favore
1905 1612 1963 1655 sui
1979 1614 2131 1655 Fratris

1187 1674 1359 1733 ejusque
1387 1673 1734 1717 descendentium
1752 1703 1764 1723 ‚
1801 1680 1838 1718 &
1861 1690 1953 1716 cum
1971 1687 2100 1715 onere
2117 1701 2132 1720 ,

1187 1737 1306 1793 quod
1325 1733 1604 1778 Beneficiatus
1619 1763 1632 1783 ,
1652 1734 1732 1777 five
1751 1735 2007 1790 Capellanus
2029 1747 2133 1789 prae-

1187 1795 1444 1844 sentandus,
1475 1800 1512 1838 δι
1545 1795 1819 1838 instituendus
1851 1794 1896 1836 fit
1926 1793 2133 1835 Sacerdos
2196 1808 2198 1811 ’

1185 1856 1267 1909 jam
1289 1856 1510 1898 ordinatus
1525 1885 1538 1905 ‚
1556 1857 1628 1913 qui
1644 1855 1815 1910 lingulis
1831 1855 1982 1896 dicbus
2001 1883 2013 1901 ,
2027 1853 2132 1906 justo

1187 1916 1492 1972 impedimento
1533 1913 1711 1957 cessante
1737 1916 1952 1957 celebrare
1988 1926 2135 1955 tenea-

1189 1989 1283 2026 tur,
1328 1980 1368 2018 &
1385 1976 1540 2018 debeat
1571 1975 1707 2017 Miffas
1725 2003 1738 2022 ‚
1775 1979 1815 2017 &
1845 1976 2002 2016 Divina
2031 1971 2134 2013 offi-

1189 2038 1254 2078 cia
1269 2065 1281 2085 ‚
1299 2050 1344 2078 ac
1360 2033 1558 2078 inservire
1576 2065 1590 2084 ,
1618 2040 1656 2078 δι
1678 2033 1854 2076 refidere
1873 2036 1915 2076 in
1936 2035 2043 2075 dicta
2059 2035 2136 2073 Ec-

1189 2097 1311 2139 clefia
1327 2097 1576 2138 Cathedrali
1590 2125 1601 2136 .
1633 2097 1843 2155 Qaeritur
1860 2109 1910 2137 an
1922 2090 2134 2145 hujusmo-

1190 2158 1234 2198 di
1251 2155 1507 2199 Beneficium
1525 2156 1569 2197 fit
1591 2156 1827 2199 formaliter
1844 2159 1907 2204 ,δε
1923 2169 2016 2197 cum
2033 2150 2134 2195 effe·

1192 2221 1259 2260 <stu
1274 2216 1537 2259 refidentiale
1557 2219 1575 2258 ἒ

1139 2297 1156 2323 1
1251 2278 1424 2334 Triplex
1454 2278 1510 2319 est
1543 2274 1701 2333 species
1727 2277 1982 2321 refidentiae;
2011 2274 2132 2315 Alia„

1194 2340 1303 2381 enim
1321 2338 1376 2380 est
1391 2339 1592 2379 continua
1607 2366 1621 2386 ,
1651 2342 1690 2380 &
1708 2334 1873 2393 praecisa
1902 2335 1975 2377 sub
1995 2337 2133 2390 priva-

1194 2401 1314 2441 tione
1327 2399 1477 2446 Tituli,
1491 2397 1516 2439 si
1531 2397 1810 2439 Beneficiatus
1825 2396 2030 2439 continuo
2050 2408 2133 2436 non

1194 2458 1367 2501 refideat
1384 2475 1395 2503 ;
1415 2460 1512 2500 Alia
1531 2472 1614 2499 non
1636 2460 1836 2499 continua
1853 2486 1866 2504 ‚
1899 2455 2026 2497 sedin
2042 2468 2135 2495 cer-

1195 2521 1249 2561 tis
1268 2519 1531 2573 temporibus
1551 2534 1560 2563 ;
1589 2519 1685 2558 Alia
1701 2518 1901 2558 continua
1922 2544 1935 2563 ‚
1952 2512 2022 2554 sed
2041 2526 2135 2555 tan-

1197 2580 1287 2621 tum
1305 2575 1516 2619 causativa
1533 2606 1547 2625 2
1574 2575 1646 2619 sub
1676 2574 1762 2618 sola
1789 2576 2027 2631 privatione
2047 2572 2136 2614 fru-

1195 2642 1333 2680 Ctuum
1352 2666 1366 2686 ‚
1399 2635 1493 2679 casu
1522 2651 1610 2695 quo
1632 2634 1911 2678 Beneficiatus
1947 2634 2134 2690 negligat

1195 2698 1390 2746 residere,
1406 2698 1521 2750 juxta
1534 2697 1725 2756 ‘Jnnocem
1743 2696 1866 2754 ‘Joam
1880 2695 2004 2737 Andr.
2019 2699 2135 2735 Butr.

1196 2759 1302 2801 Imol.
1313 2758 1354 2799 in
1368 2770 1449 2812 cap.
1451 2757 1572 2813 final.
1587 2759 1614 2798 d
1627 2754 1648 2798 e
1657 2757 1796 2798 Cleric.
1812 2770 1884 2797 non
1895 2756 2007 2811 refid.
2023 2767 2133 2811 quos

1196 2818 1385 2876 sequitur
1400 2818 1567 2859 Gonzal.
1578 2818 1632 2858 ad
1645 2818 1780 2874 Regul.
1796 2817 1835 2855 8.
1850 2813 2134 2872 Cancell.Gloſj.'

1201 2891 1267 2929 15.
1282 2884 1562 2921 num.20.Rot.
1577 2877 1687 2926 decis}
1705 2878 1808 2930 483.
1827 2888 1973 2917 numa.
1985 2887 2076 2928 par.
2099 2886 2134 2914 1.

1195 2950 1338 2981 recent.
1354 2939 1404 2982 ὠ·
1431 2939 1471 2979 in
1499 2938 1758 2993 Pampilonen.
1788 2935 1974 2991 Beneficii
1989 2935 2036 2975 de
2052 2934 2134 2975 Allo

1201 3013 1216 3039 1
1229 3013 1267 3051 3.
1282 3001 1392 3041 Febr.
1417 3014 1432 3039 1
1443 3010 1542 3049 705.
1561 2999 1666 3046 §.Ad
1675 2997 1850 3054 efficium
1861 3010 1989 3037 coram
2003 2996 2135 3036 bo.me.

1195 3064 1349 3102 R-PJ).
1363 3058 1571 3117 Caffhrello
1586 3087 1599 3107 ‚
1616 3057 1663 3101 ὠ·
1679 3058 1719 3108 in
1736 3056 1956 3112 Augustana
1971 3055 2138 3096 Canoni-

1196 3129 1308 3160 catus
1352 3119 1566 3162 Provincia
1607 3118 1849 3175 Moguntinae
1886 3128 1951 3168 14.
1984 3114 2137 3156 Martii

1200 3193 1215 3219 1
1227 3193 1249 3230 7
1262 3193 1276 3218 1
1287 3197 1327 3221 0.
1345 3185 1383 3227 §.
1400 3178 1588 3237 Praemiſjb
1607 3193 1739 3219 coram
1749 3178 1835 3218 bon.
1845 3191 1922 3217 me.
1938 3175 2109 3217 Molines
2124 3205 2135 3215 .

1192 3241 1303 3281 Hinc
1331 3239 1586 3283 Beneficium
1615 3239 1669 3280 de
1688 3252 1775 3295 quo
1805 3238 1944 3292 agitur
1971 3235 2137 3277 videtur

1194 3301 1308 3342 nulla
1325 3315 1375 3342 ex
1399 3300 1465 3342 his
1488 3298 1715 3342 refidentiae
1732 3297 1959 3354 speciebus
1971 3293 2138 3353 qualifi-

1194 3373 1330 3402 catum
1347 3378 1357 3405 ;
1381 3361 1546 3404 Etenim
1564 3357 1693 3415 ipsum
1727 3372 1811 3400 non
1828 3358 1884 3399 est
1903 3358 2045 3413 aliqua
2064 3356 2137 3395 Di-

1193 3423 1331 3477 gnitas
1350 3450 1362 3468 ,
1378 3419 1629 3463 personatus
1644 3448 1656 3467 ‚
1670 3432 1739 3461 aut
1753 3418 1978 3460 Praebenda
1993 3417 2035 3456 in
2052 3415 2136 3454 Ca-

1193 3482 1375 3525 thedrali
1393 3510 1406 3530 ‚
1438 3481 1507 3524 vel
1526 3481 1772 3534 Collegiata
1788 3481 1921 3521 erecta
1936 3506 1949 3526 ‚
1979 3486 2068 3532 quae
2080 3473 2136 3513 est

1646 3542 1681 3581 T
1697 3551 1712 3580 t
1728 3551 1743 3580 t
1779 3552 1799 3577 2
2040 3531 2137 3573 refi-
