2502 3848
349 225 375 271 1
389 205 476 272 60

394 318 577 364 termino
600 314 676 359 fibi
700 314 726 358 a
751 315 842 368 iure
863 314 1017 358 statuto
1042 315 1096 357 ad
1110 312 1337 358 conferen-

395 382 496 423 dum
511 409 524 428 ,
552 390 644 435 quae
658 375 763 418 licet
782 374 827 416 sit
843 375 957 417 nulla
969 404 982 424 ‚
1001 374 1260 419 convaiescit
1272 387 1337 417 ta-

391 454 488 484 men
499 453 552 481 ex
563 437 764 493 patientia
772 435 1011 491 Superioris
1023 435 1216 478 habentis
1229 434 1338 478 illud

393 497 589 543 conferre
604 496 694 550 jure
710 495 935 538 devoluto.
955 495 1078 538 Text.
1091 495 1133 536 in
1148 507 1231 550 cap.
1246 495 1337 537 lite-

396 575 466 602 ras
484 559 531 599 de
531 557 709 611 supplen.
723 555 866 612 neglig.
882 552 1044 597 Praelat.
1062 583 1076 604 ,
1090 554 1220 611 ibique
1229 554 1336 612 gloffi

394 619 511 661 verb.
521 615 722 673 patientia
738 616 835 657 Abb.
849 630 952 657 num.
975 627 1011 655 ι.
1028 619 1155 657 Anan.
1172 629 1276 656 num.
1299 626 1336 655 1.

342 692 360 725 1
373 693 390 722 1
410 677 566 730 Barbos.
577 690 682 719 num.
707 688 742 715 1.
756 704 771 724 2
803 680 844 719 &
859 675 913 718 ad
931 675 1167 731 exemplum
1182 673 1338 717 consti-

392 739 573 784 tutionis
588 736 740 795 Legati
754 733 859 779 fasta
875 735 899 779 a
912 732 1166 778 Proconsule
1181 762 1195 783 ,
1219 745 1338 776 ante-

394 812 524 859 quam
540 794 626 854 ipse
639 795 900 839 Provinciam
929 794 1190 851 ingrediatur
1204 822 1217 842 ‚
1245 807 1338 850 quae

397 859 501 913 licet
513 869 608 900 ante
624 852 841 912 ingressum
856 869 940 900 non
956 855 1096 898 valeat
1108 877 1125 902 ,·
1136 853 1338 896 convale-

395 917 473 963 scit
493 930 631 959 tamen
646 914 736 972 post
752 913 970 973 ingressum
987 914 1217 957 Provinciae
1233 915 1338 956 Pro-

393 976 578 1023 consulis
596 1005 609 1025 ‚
643 975 756 1018 fiiste
772 973 1008 1033 perseverat
1038 975 1080 1017 in
1108 972 1238 1030 priori
1259 988 1339 1017 vo-

395 1041 575 1086 luntate,
591 1036 706 1088 juxta
725 1034 848 1079 Text.
861 1036 902 1076 in
917 1033 1158 1087 l.oI3servare
1175 1036 1213 1080 §.
1214 1034 1336 1088 final.

390 1099 441 1159 ff
455 1099 502 1140 de
527 1095 622 1151 offic.
641 1096 854 1149 Proconsul.
869 1094 1067 1154 Caffizdor.
1098 1093 1213 1147 decisi
1234 1104 1273 1143 5.
1288 1093 1338 1135 de

342 1171 391 1200 η
412 1160 606 1219 ‘Jurepan
634 1170 738 1197 num.
757 1170 796 1197 2.
813 1173 825 1202 ς
848 1154 911 1198 Ac
928 1153 1114 1212 denique
1129 1154 1182 1195 ad
1199 1167 1339 1196 exem-

393 1220 510 1277 plum
536 1212 868 1273 praesentationis
890 1242 904 1262 ,
935 1226 1008 1256 aut
1023 1213 1338 1257 constitutionis

393 1277 685 1321 Procuratoris
706 1279 760 1318 ad
788 1271 1121 1333 praesentandum
1149 1285 1335 1315 certam)

392 1334 613 1397 personam
640 1333 750 1378 faeta
764 1346 862 1378 ante
890 1335 1159 1377 vacationem
1175 1332 1338 1376 Benefi-

393 1399 453 1442 cii
466 1425 482 1447 ‚
510 1395 723 1454 quaelicet
740 1395 787 1438 fit
803 1395 916 1437 nulla
930 1406 1027 1437 ante
1041 1394 1305 1437 vacationem
1322 1423 1338 1444 ‚

394 1455 688 1502 convalidatut
703 1466 843 1498 tamen
859 1456 901 1496 in
916 1452 1001 1510 ipsa
1017 1453 1339 1504 vacatione,du-

395 1528 514 1560 rante
543 1516 764 1559 voluntate
779 1516 980 1563 Patroni,
1011 1513 1129 1567 juxta
1145 1519 1240 1556 Dec.
1253 1528 1339 1556 con-

384 1577 453 1633 fil.
476 1589 573 1629 171.
593 1586 687 1618 tom.
708 1591 743 1617 1.
759 1580 907 1618 Lotter.
937 1575 984 1615 de
997 1589 1040 1615 re
1055 1573 1208 1628 benefic.
1223 1574 1338 1616 lib-2.

398 1636 526 1694 quaest·
543 1639 583 1676 6.
598 1649 702 1677 num.
722 1649 739 1676 1
749 1649 789 1685 9.
804 1634 947 1690 &stq-
962 1662 976 1684 ,
986 1638 1088 1677 Rota
1103 1634 1146 1675 in
1159 1637 1336 1676 Romana

395 1695 652 1752 Cappeltaniae
667 1708 706 1748 3.
722 1694 926 1738 Februarii
943 1708 958 1734 1
969 1695 1069 1745 708.
1082 1708 1212 1736 coram
1225 1695 1337 1736 Emi-

395 1755 606 1813 nentifflmo
624 1758 752 1805 Scotto
770 1754 958 1809 superias
981 1754 1149 1812 impreffi
1165 1757 1280 1797 Part.
1301 1768 1337 1798 1.

395 1820 494 1859 Can.
510 1827 548 1865 5.
567 1807 642 1869 σαί.
664 1827 703 1856 2.
720 1829 826 1856 num.
843 1815 912 1855 28.
925 1814 1057 1857 stante
1075 1826 1214 1855 autem
1234 1829 1337 1858 con-

396 1875 660 1921 validatione
677 1873 1009 1932 praesentationis
1025 1871 1194 1915 secundi
1207 1902 1220 1922 ‚
1251 1887 1336 1917 non

394 1934 533 1994 potest
547 1935 752 1977 Patronus
778 1934 943 1977 noviter
960 1931 1225 1988 praesentare;
1252 1934 1336 1979 hoc

397 1996 510 2038 enim
524 1995 724 2050 importat
745 1991 1038 2036 convalidatio
1054 1992 1339 2047 praesentatio-

395 2056 461 2098 nis
485 2051 691 2104 secundi,
721 2054 912 2095 nimirum
928 2080 942 2101 ‚
975 2052 1096 2109 quod
1128 2055 1337 2096 Patronus

395 2111 641 2172 perseveret
656 2116 699 2156 in
716 2113 864 2156 eadem
882 2112 1127 2161 voluntate,
1154 2117 1195 2156 &
1210 2114 1336 2164 alium

397 2187 482 2217 non
496 2170 715 2230 praesentet
729 2201 741 2214 .

456 2237 612 2289 Qaero
627 2230 808 2276 secundo
822 2234 864 2274 in
875 2233 1215 2287 Iurepatronatus
1230 2235 1337 2277 mix-

396 2305 443 2335 to
475 2295 542 2335 An
557 2293 763 2336 Patronus
791 2290 1096 2335 Ecclesiasticus
1126 2292 1246 2348 possit
1263 2308 1336 2338 va-

398 2353 534 2396 riare?

461 2411 644 2453 Videtur
659 2413 863 2454 Patronus
886 2410 1192 2454 Ecclesiasticus
1211 2413 1337 2471 inJu-

396 2483 687 2527 repatronatus
703 2472 835 2514 mixto
852 2469 963 2527 posse
978 2472 1152 2517 variare;
1172 2471 1338 2515 Etenim

396 2529 482 2588 ipsc
505 2532 546 2574 in
574 2528 810 2584 hujusmodi
834 2533 1182 2588 Jurepatronatus
1209 2532 1338 2576 habet

395 2590 659 2639 societatem,
677 2595 717 2634 &
734 2591 1071 2634 communionem
1084 2605 1177 2633 cum
1192 2593 1337 2642 Laic0‚

392 2651 550 2693 adeout
567 2649 681 2692 ficuti
709 2651 914 2693 Patronus
937 2651 1090 2692 Laicus
1109 2653 1242 2707 potest
1265 2666 1338 2695 va-

393 2711 502 2753 riare
517 2738 531 2758 ,
550 2711 607 2751 ita
623 2714 662 2753 &
678 2710 861 2752 Patrono
880 2710 1171 2752 Ecclesiastico
1189 2712 1336 2753 eadem

393 2770 577 2813 variatio
598 2781 843 2825 competere
859 2771 1020 2826 poterit
1035 2800 1048 2820 ,
1081 2771 1179 2813 dum
1202 2772 1244 2813 in
1256 2773 1337 2814 bo-

392 2830 457 2871 nis
488 2826 712 2871 socialibus
739 2826 876 2871 socius
905 2830 1035 2871 habet
1068 2831 1336 2887 privilegium

391 2886 510 2936 socii,
525 2891 562 2930 δε
582 2888 849 2945 privilegium
865 2890 986 2931 unius
1002 2888 1228 2939 consortis,
1243 2904 1339 2947 pro·-

391 2947 479 2990 dest
497 2947 568 2988 alii
583 2944 769 2990 consorti
785 2976 797 2996 ‚
826 2947 878 2990 ad
892 2949 1014 2992 Text.
1030 2948 1069 2990 in
1085 2949 1161 3006 ²·st
1169 2964 1337 2992 commu-

392 3019 479 3048 nem
497 3017 537 3060 §.
554 3008 892 3066 Quemadmodum
895 3008 1121 3061 servitutes
1142 3011 1336 3052 amittan-

392 3076 477 3114 tur,
490 3065 620 3121 ibique
633 3066 767 3115 Bald„
783 3067 901 3109 Paul.
917 3069 965 3109 de
975 3067 1116 3120 Castra,
1135 3069 1335 3114 Alexand.

393 3126 492 3177 cons.
502 3139 518 3165 1
530 3138 548 3164 2
559 3139 598 3164 2.
616 3139 720 3166 num.
729 3139 746 3165 1
757 3138 796 3176 7.
809 3126 921 3178 lib.4.

338 3195 392 3236 14
467 3183 535 3225 Sic
570 3185 733 3227 ratione
767 3184 1077 3229 communionis
1120 3186 1333 3231 societatis

388 3242 661 3298 privilegium
679 3244 839 3286 Clerici
861 3274 874 3294 ,
906 3258 951 3288 ut
966 3249 1186 3290 conveniri
1214 3247 1334 3304 poffit

386 3314 530 3342 coram
559 3300 766 3359 Episcopo
784 3304 952 3359 prodest
968 3307 1094 3349 Laico
1111 3308 1154 3348 in
1185 3308 1334 3350 eadem

385 3358 525 3402 Causa
553 3362 772 3404 individua
788 3378 798 3408 ;
832 3365 884 3405 Et
915 3365 1124 3408 restitutio
1153 3367 1196 3406 in
1227 3367 1334 3409 inte-

390 3431 511 3475 grum
528 3449 540 3468 2
559 3434 650 3477 quae
667 3424 870 3478 competit
889 3426 1070 3472 minori,
1093 3425 1274 3480 prodest,
1292 3430 1332 3477 ὃς

390 3482 596 3537 competit
624 3482 749 3523 etiam
778 3482 927 3536 majori
954 3484 997 3526 in
1025 3485 1171 3527 eadem
1196 3479 1332 3529 Causa

755 200 1243 268 Commentaria
1279 199 1361 266 ad
1396 198 1674 290 fingulos
1701 205 2000 267 Canones

1454 317 1667 359 communi
1681 314 1794 358 Paul.
1809 314 1857 355 de
1873 312 1998 366 Cqstr.
2014 309 2056 351 in
2069 307 2177 352 dina
2196 308 2225 351 Ι.
2238 310 2284 366 st
2296 313 2400 352 com-'

1456 391 1608 418 munem
1617 391 1656 417 n.
1674 388 1715 417 2.
1727 373 1927 417 Alexand.
1942 371 2045 414 dille
2057 371 2154 424 conſs
2171 382 2188 410 1
2198 384 2218 410 2
2227 384 2267 411 2.
2282 386 2321 411 n.
2331 375 2397 412 16.
2453 376 2456 379 ’

1454 435 1582 492 infin.
1597 435 1711 486 lib-4.
1726 434 1852 487 Parifi
1873 432 1970 485 conſs
1992 445 2009 471 1
2020 446 2058 472 2.
2073 445 2177 472 num.
2199 442 2223 481 7
2230 442 2270 481 3.
2283 430 2397 472 lib-2.

1460 497 1512 537 Et
1540 495 1809 551 privilegium
1837 492 2007 536 termini
2034 489 2104 533 sex
2133 489 2329 533 mensium
2354 492 2400 533 in

1459 553 1752 612 praesentando
1775 563 2025 608 competens
2050 553 2235 594 Patrono
2251 549 2399 592 Eccle-

1460 616 1616 659 fiastico
1632 643 1646 664 ‚
1663 615 2068 671 inJurepatronatus
2086 611 2219 653 mixto
2234 612 2399 653 ratione

1463 675 1771 718 communionis
1793 702 1807 723 ,
1838 677 1878 716 &
1893 670 2107 716 societatis
2130 671 2299 727 prodest
2322 671 2400 712 Pa-

1462 747 1593 778 trono
1613 735 1741 779 Laico
1757 763 1771 783 ,
1802 733 1918 786 juxta
1934 733 2047 791 Gloffi
2060 731 2101 772 in
2115 743 2200 786 cap.
2227 730 2333 772 unico
2350 731 2400 773 de

1457 797 1637 850 jurepat.
1651 795 1693 834 in
1705 799 1745 835 6.
1763 793 1878 835 verb.
1896 791 2190 848 Ecclesiasticus,
2206 795 2246 834 &
2262 790 2398 836 dicam

1463 853 1573 897 infra
1587 860 1683 896 Par.
1705 866 1744 905 3.
1762 858 1859 896 Can·
1876 852 1984 895 unico
1997 880 2011 893 .
2041 853 2105 894 Ac
2123 852 2248 894 etiam
2270 851 2402 907 privi-

1460 914 1620 970 legium
1637 942 1651 963 ,
1679 925 1724 956 ut
1754 914 1936 970 Legatus
1954 913 1979 955 a
2001 912 2153 954 Latere
2182 925 2266 954 non
2281 909 2402 967 possit

1463 974 1598 1016 libere
1614 972 1807 1017 conferre
1823 972 2071 1016 beneficium
2088 973 2142 1015 de
2157 973 2403 1028 Jurepatro-

1465 1046 1586 1076 natus
1600 1033 1758 1076 Laicali
1773 1061 1787 1082 ‚
1816 1046 1863 1076 ac
1878 1033 2147 1090 privilegium
2164 1032 2402 1088 exemptio-

1464 1095 1530 1136 nis
1547 1093 1571 1137 a
1586 1094 1760 1150 Regulis
1777 1093 2048 1136 Cancellariae
2066 1121 2080 1142 ‚
2101 1096 2139 1136 &
2158 1094 2182 1134 a
2197 1090 2401 1135 Reserva-

1462 1155 1654 1197 tionibus
1669 1153 1928 1210 Apostolicis
1945 1164 2193 1209 competens
2212 1152 2402 1195 Patrono

1461 1215 1591 1258 Laico
1608 1242 1621 1263 ,
1634 1214 1797 1256 ratione
1814 1213 2125 1256 communionis
2137 1240 2152 1261 ‚
2166 1215 2206 1255 δε
2223 1209 2403 1256 societa-

1462 1275 1517 1316 tis
1549 1275 1592 1317 in
1617 1275 1970 1330 Jurepatronatus
2000 1273 2133 1315 mixto
2149 1300 2162 1321 ‚
2194 1273 2402 1329 competit

1463 1334 1590 1376 etiam
1605 1335 1789 1377 Patrono
1800 1332 2088 1376 Ecclesiastico
2103 1360 2116 1380 ‚
2135 1345 2181 1375 ut
2192 1331 2330 1377 dicam
2340 1333 2404 1375 in-

1460 1393 1524 1436 fra
1541 1399 1635 1437 Can.
1650 1397 1776 1437 XXX.
1802 1394 1865 1436 Ita
1879 1394 2007 1435 etiam
2030 1392 2304 1448 Privilegium
2328 1405 2406 1435 va·

1461 1453 1597 1496 riandi
1621 1465 1869 1511 competens
1883 1454 2071 1496 Patrono
2087 1453 2217 1496 Laico
2231 1481 2246 1502 ‚
2273 1452 2316 1495 in
2326 1453 2408 1509 Ju-

1461 1525 1757 1570 repatronatus
1773 1515 1906 1557 mixto
1934 1513 2100 1556 ratione
2118 1509 2301 1566 ejusdem
2327 1509 2398 1555 so-

1461 1575 1630 1617 cietatis
1642 1603 1655 1624 ,
1679 1578 1720 1618 &
1735 1573 2044 1617 communionis
2059 1583 2304 1629 competere
2321 1584 2404 1629 po-

1461 1635 1562 1677 terit
1576 1635 1761 1677 Patrono
1779 1633 2064 1678 Ecclesiastico
2079 1660 2094 1682 ‚
2118 1635 2159 1675 &
2177 1633 2251 1677 iste
2265 1632 2404 1676 varia-

1460 1709 1531 1744 re,
1557 1692 1671 1736 sicuti
1687 1695 1847 1737 variare
1864 1694 1977 1736 valet
1998 1693 2202 1735 Patronus
2217 1693 2368 1736 Laicus
2385 1707 2399 1739 ;

1418 1756 1420 1758 ’
1461 1767 1512 1796 ea
1523 1755 1689 1797 ratione
1701 1783 1715 1804 ,
1730 1754 1830 1812 quia
1844 1755 2018 1796 mixtum
2035 1750 2193 1796 assumit
2211 1764 2402 1796 naturam

1461 1812 1655 1870 simplicis
1671 1814 1804 1870 magis
1821 1812 2103 1870 privilegiati,
2128 1814 2247 1856 eard.
2263 1813 2310 1854 de
2325 1816 2404 1855 Lu-

1461 1889 1507 1941 “f
1521 1874 1570 1916 de
1585 1874 1778 1934 ⁶Jurepat.
1792 1874 1907 1929 distu5
1919 1888 1960 1926 9.
1973 1886 2104 1916 numa
2115 1886 2153 1913 2.
2172 1878 2211 1921 §-
2229 1875 2308 1916 Aut
2318 1886 2396 1930 veg-

1460 1944 1575 1975 munt
1592 1963 1603 1974 .

1408 2002 1455 2042 15
1519 1994 1578 2037 At
1599 1994 1738 2037 verIus
1756 1995 2010 2038 contrarium
2030 1994 2242 2041 existimm
2257 1991 2400 2037 distin-

1461 2054 1674 2109 guendum
1690 2055 1747 2097 est
1765 2055 1874 2097 enim
1893 2056 2003 2097 inter
2018 2067 2065 2096 ea
2082 2082 2095 2103 ,
2113 2067 2204 2111 quae
2220 2051 2313 2097 sunt
2336 2054 2402 2096 in-

1461 2113 1684 2156 divisibilia
1701 2143 1714 2163 ,
1746 2118 1786 2157 &
1802 2128 1849 2157 ea
1865 2142 1877 2163 ,
1909 2127 2001 2172 quae
2021 2112 2113 2156 sunt
2148 2113 2400 2160 divifibilia;

1459 2174 1582 2217 Licet
1602 2176 1711 2217 enim
1737 2175 1779 2216 in
1794 2173 2118 2216 indivifibilibus
2132 2174 2404 2230 privilegium

1460 2235 1581 2275 unius
1607 2231 1817 2278 consortis
1846 2234 2015 2291 prodest
2032 2233 2154 2276 alteri
2182 2230 2398 2283 consorti,

1461 2303 1599 2336 tamen
1612 2294 1693 2337 hoc
1711 2295 1966 2338 limitatur-in
1984 2293 2262 2336 divifibilibus
2274 2322 2287 2342 ‚
2303 2293 2398 2337 &in

1459 2355 1633 2411 eis,quae
1648 2352 1740 2397 sunt
1755 2353 1977 2397 divisibilia
1987 2354 2102 2407 juxta
2111 2354 2224 2412 Gloff.
2236 2354 2279 2395 in
2291 2353 2403 2401 diez*

1462 2414 1489 2457 1.
1496 2417 1543 2469 si
1551 2427 1799 2463 communem,
1811 2414 1939 2471 ibique
1953 2414 2198 2463 Bald.,Paul.
2211 2416 2258 2456 de
2272 2410 2399 2464 Castr.

1462 2470 1633 2515 covarr.
1651 2475 1822 2527 praHic.
1847 2474 1976 2531 quaest.
2004 2474 2069 2514 lib.
2094 2473 2200 2515 unico
2226 2486 2311 2529 cap·
2330 2486 2401 2526 34.

1460 2545 1608 2575 numa.
1619 2545 1738 2588 prope
1743 2534 1839 2588 fin.·,
1855 2534 1905 2577 ὠ·
1923 2549 1962 2575 2.
1978 2534 2025 2576 In
2038 2532 2132 2577 casu
2143 2546 2280 2577 autem
2295 2542 2401 2590 p‘rae-

1461 2589 1823 2636 sentiexercitium
1833 2593 2193 2651 jurispatronatus
2212 2621 2226 2642 ,
2245 2590 2402 2650 seuJu-

1458 2650 1787 2707 rispraesentandi
1838 2654 2061 2697 commode
2115 2652 2401 2696 divisionem)

1444 2713 1648 2754 ·admittit
1660 2741 1672 2761 ‚
1690 2717 1730 2756 &
1745 2714 1879 2757 dividi
1899 2714 2034 2770 potest
2046 2741 2060 2763 ,
2075 2723 2121 2757 ut
2137 2713 2273 2757 dicam
2287 2710 2395 2756 infra

1459 2775 1574 2820 Part.
1594 2774 1660 2814 IV.
1686 2776 1785 2814 Can.
1798 2776 1851 2815 II.
1876 2775 2001 2816 Unde
2023 2773 2290 2830 privilegium
2319 2785 2394 2820 va-

1460 2832 1594 2873 riandi
1611 2844 1855 2889 competens
1883 2836 2070 2877 Patrono
2096 2833 2257 2882 Laico,
2284 2844 2401 2876 com-

1460 2901 1608 2946 petere
1624 2905 1709 2935 non
1723 2893 1861 2948 potest
1874 2895 1915 2936 in
1926 2895 2278 2950 Jurepatronatus
2291 2895 2399 2936 mix-

1458 2962 1508 2992 to
1523 2951 1688 2994 ratione
1704 2954 2012 2996 communionis
2040 2954 2223 2995 Patrono
2249 2945 2400 2996 Eccle-

1459 3009 1613 3053 fiastico
1629 3037 1643 3058 ,
1661 3013 1760 3068 quia
1771 3014 1975 3056 Patronus
1992 3011 2298 3055 Ecclesiasticus
2317 3037 2330 3062 ,
2347 3012 2398 3055 fi-

1460 3083 1512 3112 ve
1527 3069 1813 3113 consideretur
1824 3070 2047 3115 secundiim
2064 3069 2104 3114 se
2119 3100 2133 3121 ‚
2148 3071 2230 3115 five
2248 3100 2262 3121 ,
2276 3084 2320 3120 ut
2335 3069 2399 3117 as-

1458 3126 1640 3182 sociatus
1654 3129 1840 3174 Patrono
1853 3133 1982 3174 Laico
2000 3160 2013 3180 ,
2029 3129 2189 3188 semper
2199 3131 2312 3175 ineo
2326 3133 2400 3175 de·⁴

1459 3189 1660 3231 testabih's
1675 3189 1731 3231 est
1743 3193 1920 3235 variatio
1931 3191 2296 3235 determinationis
2310 3205 2398 3235 ma-

1458 3259 1554 3291 turo
1570 3247 1746 3292 consilio
1760 3247 1954 3307 susceptae
1970 3279 1984 3299 2
2014 3263 2058 3293 ut
2077 3250 2260 3308 superius
2277 3263 2398 3295 nota-

1458 3309 1500 3351 vi
1515 3309 1555 3349 in
1566 3310 1850 3351 Commentario
1863 3316 1901 3359 §.
1917 3312 2038 3354 Ratio
2048 3309 2181 3365 prima
2191 3311 2396 3367 conclufi'o-
2443 3332 2447 3334 <

1457 3366 1519 3408 nis
1535 3395 1549 3416 ,
1578 3369 1637 3410 ita
1667 3369 1908 3412 Lambertin.
1937 3371 1984 3411 de
2017 3370 2233 3430 ‘Jurepatm
2263 3370 2333 3414 lib·
2355 3381 2397 3416 22

1449 3437 1543 3482 par.
1567 3441 1606 3469 2.
1621 3429 1749 3483 quaest.
1767 3442 1807 3480 7.
1823 3440 1905 3471 art.
1929 3442 1995 3480 13.
2010 3444 2114 3472 num.
2131 3441 2171 3482 4.
2182 3457 2197 3479 ,
2226 3429 2394 3488 &seq.;

1456 3484 1590 3531 Immo
1605 3487 1722 3541 juxta
1736 3490 1849 3531 Paul.
1864 3490 1910 3531 de
1923 3489 2077 3532 Cittad.
2085 3501 2178 3546 par.
2197 3492 2238 3532 6.
2251 3501 2332 3534 art.
2347 3502 2395 3592 ἔρ
