2502 3848
567 199 571 203 -
662 153 763 218 De
773 151 1294 239 Jurepatronatus
1311 153 1442 217 Par.
1470 155 1541 218 ΙΙ.
2019 179 2042 218 1
2062 177 2135 242 35

492 251 1747 371 CANOJNIV,

0 361 32 422 ν
497 394 658 463 Ex
690 394 896 464 eodem
930 394 1199 464 Concilio
1233 397 1682 488 Lateraneffl}

0 434 46 608 ι
92 419 218 704 P
240 541 563 617 Raeterea,
600 536 750 625 quia
770 535 838 602 in
857 551 1114 600 tantum
1150 540 1587 627 quorumdam
1606 539 1949 609 Laicorum
1989 561 2137 626 pro-

271 631 442 700 ceffit
464 630 763 704 audac-ia,
797 646 869 694 ut
903 627 1373 721 Episcoporum
1405 631 1781 696 auctoritate
1804 632 2136 718 neglecta,

0 740 62 806 ξ
59 730 377 794 Clericos
393 724 758 792 instituant
742 746 810 789 1n
830 720 1166 799 Ecclefiis,
1206 725 1266 789 8(
1284 742 1704 800 removeant,
1740 731 1897 791 cum
1919 727 2140 790 volue-

0 827 3 903 ξ
91 823 259 895 rint3
280 818 719 911 poffeffionem
741 839 1019 908 quoque,
1039 836 1230 908 atque
1250 819 1368 883 alia
1387 817 1814 885 Ecclefiastica
1830 819 1999 884 bona
2019 842 2138 909 pro

0 908 35 990 ζ
91 915 210 982 sua·
217 918 543 980 voluntate
560 914 939 1002 plerumque
961 911 1375 987 distribuant,
1415 911 1582 1003 ipsos
1606 913 2010 980 anathemate
2032 915 2138 976 de-

0 1015 4 1127 Ἰ
90 1011 412 1076 cernimus
464 1005 783 1071 feriendos
806 1052 819 1068 .
879 1005 1168 1070 Clericus
1208 1025 1426 1072 autem
1444 1055 1460 1081 ,
1502 1008 1614 1095 qui
1643 1005 1988 1073 Ecclesiam
2019 1029 2135 1096 per

0 1130 3 1165 ι
88 1104 314 1169 Laicos
331 1100 725 1190 fine-proprii
750 1098 1049 1190 Episcopi
1070 1100 1446 1166 auctoritate
1464 1103 1772 1191 receperit
1792 1149 1810 1174 ,
1846 1124 2137 1166 commu-

89 1198 283 1262 nione
316 1197 603 1286 privetur
620 1243 636 1269 ,
678 1195 736 1260 81
759 1191 803 1258 fi
821 1191 1163 1282 perstiterit
1180 1242 1196 1269 ,
1236 1197 1270 1258 a
1292 1194 1643 1262 ministerio
1661 1193 2094 1267 Ecclesiastico
2115 1241 2131 1269 ,

92 1291 152 1357 81
174 1290 402 1356 ordine
423 1292 785 1379 deponatur
805 1333 819 1348 .
1398 1321 1402 1324 ⁴
1805 1323 1807 1325 -

568 1428 676 1506 ‚C
770 1426 843 1502 A
933 1428 1015 1506 N
1096 1423 1213 1537 >0³
1278 1428 1364 1506 N
1499 1426 1605 1505 Vv

65 1568 91 1595 ’·
306 1554 878 1629 ALEXANDER
903 1557 1004 1623 ΙΙΙ.
1052 1555 1904 1649 Eboracen.Archiep2J'c0p0.

198 1699 410 1766 UM
450 1698 625 1764 Laici
654 1745 672 1773 ‚
703 1696 1033 1786 Episcopis
1055 1696 1522 1772 nescientibus,
1561 1713 1669 1766 aut
1698 1721 1831 1764 non
1869 1697 2129 1763 consen·
2182 1718 2184 1721 ·

290 1792 633 1866 tientibus,
672 1789 975 1857 Ecclefias
994 1792 1263 1857 Clericis
1281 1793 1679 1866 concedunt,
1692 1793 1767 1856 in
1783 1792 2013 1883 quibus
2030 1792 2134 1858 ha·
2141 1790 2144 1794 ⁴

87 1886 764 1976 bentJuspatronatus,
782 1885 841 1952 81
859 1884 1076 1973 postea
1095 1886 1480 1975 poenitentia
1503 1878 1704 1960 ducti,
1723 1887 1877 1952 alios
1901 1889 1982 1952 ad
2006 1886 2133 1952 eas-

89 1982 240 2046 dem
257 1979 587 2086 Episcopis
608 1976 1085 2068 repraesentant,
1120 1979 1291 2045 &illi
1323 1982 1403 2045 ad
1439 2001 1668 2045 eorum
1698 1978 2130 2068 praesentatio-

81 2097 239 2140 nem
257 2072 324 2137 in
339 2073 580 2138 eisdem
597 2069 887 2140 Ecclefiis
903 2071 982 2137 ab
995 2071 1325 2163 Episcopis
1339 2072 1798 2138 instituuntur:
1835 2078 2131 2141 Eorum„

5 2161 8 2167 ’
87 2165 281 2233 debet
296 2166 612 2232 institutio
626 2166 813 2239 stare,
832 2167 945 2255 qui
962 2166 1336 2233 auctoritate
1357 2165 1500 2233 sunt
1521 2165 1822 2256 Episcopi
1841 2168 2133 2245 instituti,

89 2258 483 2327 conceffione
496 2262 727 2350 priori,
749 2283 887 2348 quae
904 2259 1080 2324 nulla
1099 2259 1222 2335 est,
1244 2262 1517 2325 omnino
1533 2277 1870 2327 evacuata.
1921 2265 2130 2328 Nom,

87 2357 261 2420 enim
274 2355 421 2418 licet
439 2355 646 2420 Laicis
661 2353 983 2456 Clericos
965 2377 1034 2417 m
1051 2353 1340 2419 Ecclefiis
1357 2352 1853 2443 praesumptione
1871 2358 2131 2447 propria

33 2459 45 2477 ²
91 2449 416 2513 ordinare.
480 2496 482 2498 -
1521 2476 1525 2479 ·

563 2584 636 2662 C
728 2586 800 2663 A
890 2587 974 2664 N
1065 2582 1143 2660 O
1235 2586 1320 2663 N
1454 2583 1527 2661 V
1573 2581 1649 2664 L·

668 2717 832 2784 Idem
885 2717 1163 2784 Adonen.
1202 2715 1524 2806 Episcopo.

259 2852 558 2919 Onsuluit
579 2878 694 2920 nos
713 2904 729 2930 ‚
762 2855 1003 2922 &infra
1024 2858 1140 2922 &a
1182 2860 1361 2920 Cum
1385 2855 1827 2920 Sanctuarium
1847 2856 1970 2919 Dei
1991 2855 2129 2941 jure

286 2948 685 3014 haereditario
709 2952 912 3015 teneri
933 2966 1066 3016 non
1089 2948 1308 3063 poffit,
1330 2946 1476 3012 'non
1509 2950 1693 3013 decet
1730 2950 2128 3038 aliquatenus

86 3040 404 3114 sustineri,
425 3058 497 3105 ut
516 3042 751 3109 Clerici
769 3042 1106 3108 Ecclefias
1089 3067 1124 3106 a
1141 3041 1513 3107 Parentibus
1534 3039 1657 3106 suis
1672 3040 1968 3107 fundatas
1988 3066 2130 3133 pro-

84 3135 220 3223 pria
237 3134 611 3199 auctoritate
626 3137 993 3211 detineant,
1013 3151 1120 3200 aut
1144 3135 1320 3255 Laici
1341 3132 1505 3211 filiis,
1526 3136 1627 3200 vel
1649 3135 1969 3226 aliquibus
1991 3137 2128 3204 aliis

85 3229 444 3293 concedant
459 3226 740 3294 easdem.

1861 3525 2128 3582 CANON
