2456 3802
321 242 444 322 588

316 355 437 416 quod
470 353 586 397 sicuti
608 350 846 407 hujusmodi
877 353 940 405 jus
972 351 1264 409 cognoscendi

311 415 456 460 causas
486 413 751 457 subditorum
766 414 924 456 Titulis
942 414 1264 456 Cardinalium.)

306 476 463 535 spectat
493 476 702 532 privative
733 476 787 517 ad
817 475 936 517 illum
970 492 981 523 ς
1015 476 1075 518 ita
1107 477 1264 517 etiam.)

304 538 371 590 ju's
398 533 638 580 reservandi
670 534 981 594 juspatronatus
1010 538 1052 578 in
1081 538 1263 580 erectio-

306 596 615 642 Beneficiorum
662 598 705 639 in
746 597 940 640 Ecclefiis
974 598 1220 640 titularibus
1249 625 1264 646 ,

306 675 385 704 nec
418 675 503 703 non
533 660 598 711 jus
623 659 866 700 instituendi
886 661 938 700 ad
958 658 1031 700 illa
1060 656 1263 712 spectare,

312 722 496 764 debebit
524 720 741 775 privative
771 719 824 759 ad
854 719 1035 760 eundem
1063 720 1264 760 Eminen-

312 781 403 824 tiss.
418 782 633 823 Vicarium
651 796 663 825 ς
692 780 896 837 quoniam
913 782 988 823 stat
1002 780 1112 821 bene
1144 778 1263 821 fimul

303 840 557 885 Pontificem
597 851 814 897 tamquam
863 839 1113 883 Pontificem
1148 849 1264 883 uon.»

306 917 449 945 autem
496 914 712 958 tamquam
736 901 1008 942 Ordinarium
1042 902 1173 944 Urbis
1209 900 1263 942 ad

307 962 526 1006 tollendas
553 960 822 1004 confusiones
851 963 911 1003 ita
926 959 1103 1005 statuisse
1129 963 1263 1006 inisto

302 1021 399 1067 casu
415 1052 428 1072 ‚
458 1022 657 1065 noninde
674 1035 815 1064 tamen
827 1021 978 1064 inferri
993 1024 1130 1080 potest
1146 1025 1188 1065 in
1201 1037 1267 1065 re·-

305 1085 440 1143 liquis
453 1082 654 1126 sublatam
668 1081 748 1126 effe
766 1084 996 1140 plenariam
1012 1082 1266 1137 jurisdictio-

301 1160 397 1190 nem
427 1145 532 1187 alias
549 1145 853 1188 Cardinalibus
889 1157 1204 1201 competentem
1220 1147 1263 1188 in

303 1220 451 1250 eorum
484 1205 620 1247 titulis
639 1223 650 1253 ;
685 1220 776 1247 nam
795 1206 923 1248 etiam
955 1203 1140 1261 ipsorum
1175 1219 1262 1249 met

302 1268 628 1309 Ordinatiorum
643 1265 972 1321 jurisdictionem
990 1281 1065 1323 per
1078 1268 1266 1323 Aposto-

298 1328 405 1371 licas
437 1328 782 1371 Constitutiones
810 1329 853 1369 in
870 1327 1085 1385 aliquibus
1105 1327 1264 1370 cafibus

299 1390 523 1432 limitatam
556 1385 635 1432 effe
651 1389 847 1431 videmus
864 1417 878 1438 ,
909 1392 949 1431 δι
966 1399 1107 1430 tamen
1124 1403 1173 1430 ea
1191 1390 1263 1433 ia:

298 1450 481 1507 reliquis
498 1448 615 1492 firma
636 1462 826 1492 remanet
841 1481 851 1492 ,
868 1449 992 1491 Card.
1008 1450 1056 1491 de
1070 1453 1162 1491 Luc.
1177 1451 1263 1495 de„

297 1510 501 1565 jurisdift'.
517 1510 558 1550 di
577 1527 609 1552 c.
628 1525 697 1564 34.
716 1526 820 1552 num.
847 1524 861 1550 1
874 1511 931 1559 8.,
946 1514 986 1554 &
1001 1510 1111 1553 bene
1128 1509 1263 1553 Rot.in

300 1572 342 1613 d.
361 1576 531 1613 Roman.
535 1571 643 1623 juris
661 1571 886 1613 tumulandi
903 1585 973 1613 20.
994 1573 1106 1613 Febr.
1134 1584 1183 1622 17
1195 1584 1210 1610 1
1223 1584 1264 1613 2.

298 1646 434 1674 coram
448 1632 703 1687 Eminentiss.
715 1632 844 1674 Priola
859 1634 948 1680 §.de
961 1632 1133 1680 adibus,
1145 1632 1206 1672 ibi
1217 1656 1264 1666 --

296 1695 408 1734 Nam
410 1695 458 1750 st
461 1694 594 1748 quoad
600 1709 674 1735 non
685 1693 810 1734 nullos
820 1691 933 1734 attus
943 1691 1004 1733 ita
1015 1692 1264 1734 voluitSum-

299 1768 389 1795 mus
421 1754 611 1808 Pontifex
624 1767 696 1807 pro
717 1752 872 1794 meliori
896 1751 1085 1808 regimine
1099 1781 1114 1801 ‚
1145 1752 1194 1797 ὠ·
1207 1754 1266 1795 ad

298 1813 542 1856 evitandam
555 1824 716 1854 tantam
720 1812 1038 1866 jurisdiHionum
1036 1812 1260 1872 sciffieram,

296 1873 351 1917 cb*
377 1874 630 1914 varietatem
658 1873 700 1914 in
713 1889 791 1914 una
811 1901 825 1922 ‚
857 1875 1071 1930 eademque
1095 1875 1259 1917 civita-

294 1946 338 1978 te
353 1932 438 1977 &c-
458 1950 533 1975 non
543 1934 637 1975 bene
654 1933 827 1988 infertur
843 1936 950 1989 quad
963 1935 1109 1977 exinde
1122 1936 1256 1977 Eccle-

281 1998 353 2052 siae
367 1995 557 2037 titulares
572 1994 653 2035 dici
666 1994 832 2050 amplius
847 2009 922 2036 non
938 1996 1106 2039 debeant
1123 1997 1258 2041 velun·

287 2055 561 2110 particulares
575 2055 790 2109 Dioecesirs‚
823 2056 872 2099 ὁ·
887 2056 996 2113 quad
1019 2057 1255 2102 Cardinales

292 2132 370 2159 non
380 2116 549 2158 habeant
560 2120 658 2170 jura
673 2117 909 2173 Episcopalia
920 2131 1044 2174 neque
1049 2120 1254 2176 gaudeant

290 2177 375 2220 villis
384 2177 618 2235 privilegiis
649 2179 791 2234 quibus
811 2188 981 2219 utuntur
1011 2179 1182 2234 Episcopi
1211 2180 1252 2222 in

279 2238 372 2292 fitis
389 2238 694 2281 cathedralibus
709 2237 794 2282 &1:-
817 2242 867 2280 Et
880 2239 1000 2298 posp'rt
1016 2240 1252 2295 responderI‚

293 2299 403 2355 qubd
415 2299 536 2342 etiam
550 2299 592 2340 in
608 2299 798 2354 Epist-opis
814 2301 996 2342 videmus
1011 2300 1251 2343 diminutam

289 2359 443 2400 illorum
453 2360 768 2411 juris‘diHionem
784 2375 839 2402 ex
853 2360 1085 2416 Privilegiis
1102 2362 1128 2402 a*
1140 2365 1253 2404 Sum-

291 2418 369 2460 mis
388 2418 642 2473 Pontificibus
659 2419 830 2478 conceffis
849 2421 1113 2474 Regularibus
1125 2450 1139 2470 ,
1161 2427 1252 2464 Mo-

290 2478 475 2533 nasteriis
487 2507 502 2528 ‚
530 2478 781 2535 &stmilibus
795 2507 809 2529 ,
829 2478 876 2522 ὠ*
891 2479 1140 2522 nihilominus
1156 2483 1251 2538 Epi-

226 2572 227 2575 ,
278 2539 389 2595 scopi
398 2541 579 2596 gaudent
596 2538 749 2581 caterix
763 2539 935 2582 omnibus
945 2540 1151 2584 honoribus
1167 2571 1181 2592 ‚
1198 2543 1248 2587 ὠ·

280 2599 573 2658 praerogativis
588 2626 627 2635 --

349 2663 446 2705 Nec
463 2659 593 2703 officit
610 2660 890 2719 dicere,quod
910 2675 994 2704 non
1008 2661 1055 2704 fit
1067 2664 1248 2719 amplius

285 2721 330 2764 in
341 2719 413 2763 usu
425 2721 656 2773 jurisdictio
674 2718 934 2778 Episcopalis
950 2724 1246 2768 Cardinalium

283 2782 329 2824 in
346 2781 541 2825 Ecclefiis
554 2783 814 2824 Titularibus
831 2811 844 2831 ‚
859 2784 959 2825 dum
976 2783 1246 2828 Eminentiss.

284 2843 482 2885 Vicarius
502 2855 675 2885 exercet
698 2844 739 2885 in
758 2844 843 2885 illis
856 2848 967 2887 astus
987 2844 1247 2895 jurisdictio-

284 2903 422 2953 mles,
438 2904 598 2960 praestet
616 2901 862 2946 consensum
877 2906 918 2945 in
934 2902 1245 2949 reservatione.-

282 2962 653 3019 jurispatronatus,
669 2964 931 3022 quandoque
953 2965 1132 3008 instituit
1158 2996 1173 3016 ,
1204 2971 1245 3011 δε

282 3023 452 3067 confert
468 3023 678 3067 beneficia
693 3040 704 3070 ς
725 3039 776 3066 ex
800 3025 883 3067 hoc
900 3026 1011 3068 enim
1028 3025 1132 3069 licet
1147 3041 1245 3084 pro.

281 3083 373 3127 bari
390 3085 508 3141 poffit
530 3099 616 3127 non
639 3082 720 3127 effe
736 3085 915 3141 amplius
930 3087 973 3128 in
990 3084 1060 3128 usu
1075 3086 1245 3139 jurisdi-

280 3144 461 3187 &ionem
479 3144 773 3201 Episcopalem
791 3145 1083 3189 Cardinalium
1101 3149 1145 3190 in
1164 3150 1245 3191 Ec-

286 3203 419 3246 clefiis
436 3206 701 3249 Titularibus
721 3207 972 3263 privativam
988 3208 1246 3253 adEminen-

283 3260 373 3304 tiss.
393 3264 604 3309 vicarium
619 3296 633 3316 ,
659 3281 745 3309 non
762 3279 901 3309 autem
919 3269 1091 3323 probari
1106 3271 1243 3326 potest

285 3335 373 3366 non
393 3321 474 3366 esse
491 3328 668 3381 amplius
681 3329 723 3368 in
737 3325 808 3370 usu
821 3326 1151 3381 jurisdictionem
1168 3345 1243 3372 cu-

286 3383 533 3428 mulativam
549 3411 564 3432 ,
581 3386 674 3428 cum
694 3387 770 3430 illo
787 3404 799 3434 ;
824 3388 958 3431 Sicuti
976 3391 1089 3432 euim
1103 3389 1129 3432 fi
1146 3393 1241 3448 quis

279 3444 394 3487 intra
426 3445 656 3494 Dioecefim
683 3445 878 3505 Episcopi
911 3461 1051 3492 utatur
1080 3450 1241 3503 juribus

283 3503 671 3562 Episcopalibus‚&
689 3504 921 3563 Episcopus
938 3511 1024 3552 illis
1044 3525 1130 3553 non
1149 3525 1242 3554 uta-

281 3576 351 3610 tur
366 3580 453 3611 non
468 3563 657 3625 sequitur
672 3593 687 3616 2
718 3581 792 3624 per
804 3567 887 3610 hoc
903 3596 917 3617 ,
931 3571 1051 3626 quod
1069 3570 1243 3626 Episco-

716 236 1210 302 Commentaria
1243 239 1326 304 ad
1360 237 1642 327 fingulos
1673 246 1974 312 ‚Canones

1392 367 1470 410 pus
1485 355 1649 397 dicatur
1668 353 1860 398 exclusus
1876 383 1890 404 ‚
1920 359 1961 398 &
1980 369 2064 398 non
2079 357 2198 413 possit
2215 357 2346 400 etiam

1385 412 1472 471 ipse
1489 417 1666 471 amplius
1685 418 1744 457 uti
1764 414 1919 458 eisdem
1937 418 2097 459 actibus
2130 419 2184 461 ad
2199 419 2347 461 termi-

1382 484 1464 517 nos
1493 476 1616 518 Text.
1632 477 1672 518 in
1685 489 1768 530 cap.
1787 477 1946 518 Auditis
1962 478 2010 518 de
2022 478 2235 534 praefiript.
2253 481 2343 521 lta,

1387 551 1437 578 ex
1456 552 1509 579 eo
1524 565 1536 585 ‚
1567 538 1685 594 quod
1702 535 1969 580 Eminentiss.
1986 540 2178 581 vicarius
2206 552 2345 582 utatur

1386 599 1428 639 in
1445 598 1904 640 EccleliisTitularibus
1921 600 2021 642 actis
2038 598 2345 652 jurisdictiona..

1386 658 1498 700 libus
1513 686 1525 706 ,
1560 660 1715 717 quibus
1748 660 2013 717 quandoque
2030 673 2119 720 non
2135 673 2312 704 utuntur
2325 688 2341 710 ‚

1386 732 1465 760 nec
1483 732 1682 763 exercent
1709 718 1979 763 Eminentiss.
2005 722 2258 765 Cardinales
2274 722 2347 765 ‘ri-

1386 779 1570 826 tulares;
1604 794 1688 823 non
1705 795 1779 837 per
1793 783 1876 823 hoc
1890 782 2070 837 proinde
2083 781 2146 824 isti
2163 783 2250 825 dici
2264 783 2343 831 de·-

1386 840 1490 882 bent
1505 841 1656 882 exclufi
1668 871 1682 890 ,
1712 847 1752 885 δι
1770 841 1887 900 quod
1902 857 1985 886 non
2002 841 2150 899 poffint
2163 842 2191 885 fi
2208 843 2343 887 velint

1331 914 1351 940 2
1365 916 1381 943 1
1401 902 1460 942 uti
1476 900 1631 944 eisdem
1650 904 1808 945 actibus
1822 901 2240 956 jurisdictionalibus.
2256 904 2341 946 Ra-

1387 957 1450 1003 tio
1468 962 1525 1004 est
1541 991 1554 1011 ‚
1573 963 1738 1020 quia'ad
1759 964 1841 1006 hoc
1860 976 1904 1006 ut
1924 965 2020 1022 quis
2038 978 2089 1007 ex
2107 978 2194 1008 non
2210 962 2347 1015 usu,3c²

1389 1036 1440 1063 ex
1461 1020 1533 1063 usu
1550 1025 1722 1066 alterius
1738 1024 1905 1067 dicatur
1928 1024 2120 1075 exclusus
2137 1026 2161 1068 Ξι
2177 1025 2345 1078 juribus
2407 1055 2410 1058 -

1387 1080 1710 1140 Episcopalibus
1726 1113 1740 1135 ‚
1773 1087 2003 1144 requiritur
2021 1086 2106 1129 tale
2121 1082 2273 1129 faetum
2290 1098 2347 1129 ex

1387 1157 1509 1200 parte
1529 1147 1684 1188 utentis
1706 1175 1719 1195 ‚
1732 1150 1772 1190 &
1785 1147 2058 1203 poffidentis‚
2075 1161 2150 1204 per
2166 1143 2286 1206 quod
2295 1145 2346 1191 fit

1387 1203 1613 1248 verisimile
1653 1204 1784 1262 ipsum
1818 1219 2005 1251 utentem
2038 1205 2225 1251 habuisse
2254 1209 2352 1255 aui-v

1386 1279 1497 1307 mum
1525 1266 1758 1322 poffidendi
1783 1266 1856 1311 sub
1872 1269 1946 1310 ista
1962 1269 2172 1327 qualitate
2188 1268 2346 1311 alium-2

1387 1327 1647 1370 excludendi
1664 1357 1677 1377 ‚
1710 1333 1749 1372 &
1766 1344 1838 1385 per
1871 1331 1992 1388 quod
2025 1328 2071 1372 fit
2094 1326 2344 1373 verisimile..-

1386 1388 1516 1430 alium
1537 1403 1621 1431 nou
1654 1401 1843 1433 utentem
1871 1390 2096 1439 scientem,
2127 1390 2349 1447 &patien-

1385 1460 1471 1490 tem
1484 1448 1770 1504 posseffionem
1794 1449 1872 1494 suae
1889 1449 2186 1503 jurisdictionis
2197 1451 2342 1495 animo

1375 1508 1552 1554 *amisisse
1569 1540 1581 1558 ‚
1616 1512 1683 1553 vel
1736 1513 1802 1555 uia
1817 1512 2022 1555 existimat
2037 1509 2077 1554 se
2098 1509 2344 1568 repulsum,

1385 1581 1458 1612 aut
1477 1568 1589 1626 posse
1606 1584 1705 1627 repe
1726 1573 1757 1614 li
1771 1573 2018 1615 Bellemer.in
2031 1584 2115 1627 cap.
2126 1571 2347 1617 Auditis&

1384 1631 1606 1686 Praescript.
1620 1645 1660 1671 n.
1666 1644 1687 1684 3
1698 1645 1737 1675 2.
1757 1633 2004 1687 Bald.cor3fi4
2008 1646 2030 1686 3
2039 1646 2123 1683 9.n.
2134 1646 2150 1674 t
2163 1644 2344 1688 brom-3·

1443 1691 1629 1734 Probare
1640 1693 1914 1735 contenditur
1937 1707 1990 1736 ex
2004 1690 2184 1736 adverso
2196 1690 2342 1751 supra..

1383 1752 1428 1793 in
1458 1756 1497 1800 §-
1511 1755 1563 1794 Et
1575 1752 1666 1794 lice't
1683 1756 1774 1809 post
1791 1754 2126 1798 publicationem
2149 1753 2343 1798 Concilii

1382 1812 1624 1857 Tridentini
1657 1814 1911 1860 Cardinalcs
1940 1816 2153 1858 Titulares
2170 1810 2341 1861 amifiil'e

1380 1871 1716 1918 Iurisdietionem
1734 1874 2027 1933 Episcopalem
2059 1876 2103 1918 in
2135 1873 2344 1918 Ecclefiis

1384 1934 1647 1979 Titularibus
1663 1965 1676 1985 ‚
1692 1941 1734 1982 δι
1751 1939 1834 1980 hoc
1853 1937 2012 1994 duplici
2029 1935 2172 1979 medio
2187 1936 2346 1988 3Primo

1377 2008 1430 2037 ex
1458 2009 1513 2040 eo
1529 1998 1628 2055 quia
1646 1998 1894 2041 Concilium
1923 1997 2224 2041 Tridentinum
2246 2009 2343 2040 om-

1378 2069 1452 2100 nes
1470 2059 1560 2099 actu
1578 2056 1887 2111 jurisdictiones
1909 2058 2105 2101 decrevit
2130 2055 2339 2115 spelta-e:

1375 2117 1430 2160 ad
1459 2115 1574 2161 solos
1608 2118 1841 2176 Episcopos
1875 2118 2128 2178 derogando
2162 2116 2339 2162 Privile-

1377 2179 1459 2233 giis
1478 2206 1492 2227 ‚
1518 2177 1894 2223 consuetudinibus
1921 2180 2372 2239 etiamimmemora-q,

1375 2239 1534 2281 bilibus
1547 2241 1716 2281 Secundo
1728 2255 1778 2283 ex
1790 2256 1844 2284 eo
1861 2243 1960 2298 quia
1972 2241 2211 2298 Gregorius
2221 2238 2336 2294 xm.
2357 2240 2367 2249 ⁶

1372 2297 1551 2342 resolvit
1568 2297 1608 2342 se
1624 2301 1741 2344 nolle
1756 2315 1805 2344 ea
1820 2330 1835 2350 ‚
1865 2315 1957 2359 quae
1977 2300 2199 2358 Episcopis
2223 2312 2338 2350 cmv-

1373 2356 1480 2402 cess'a
1509 2357 1601 2403 sunt
1617 2363 1640 2403 a
1668 2362 1872 2405 Concilio
1887 2362 2146 2404 Tridentino
2162 2388 2178 2410 ‚
2209 2374 2334 2406 eom·-

1371 2431 1518 2478 petere
1536 2421 1839 2466 Cardinalibus
1857 2423 1898 2465 in
1918 2419 1999 2465 suis
2017 2422 2177 2466 Titulis
2191 2449 2205 2463 .

1429 2482 1560 2537 Qod
1578 2486 1733 2526 attinet
1751 2483 1801 2526 ad
1822 2484 1998 2539 primum
2014 2511 2027 2531 ‚
2057 2485 2140 2526 hoc
2158 2481 2339 2527 mihivi-

1369 2541 1495 2583 detur
1529 2545 1705 2587 omnino
1740 2542 1930 2587 inefficax
1961 2545 2014 2586 ad
2037 2543 2339 2600 probandum:

1371 2596 1626 2645 Cardina'les
1660 2605 1750 2660 post
1778 2605 2116 2660 publicationem
2148 2603 2333 2650 Triden-
2388 2614 2389 2617 ’

1369 2663 1447 2705 tini
1478 2661 1647 2707 amifflse
1669 2667 1871 2707 incorum
1903 2661 2336 2716 Titulisjurisdiaio-
2373 2720 2375 2722 q
2454 2702 2456 2705 .

1368 2737 1463 2766 uem
1497 2719 1816 2782 Episcopalem
1852 2739 1945 2768 nam
1979 2726 2022 2767 in
2043 2725 2187 2782 primis
2215 2738 2332 2772 nom

1370 2781 1545 2826 subsistit
1561 2786 1681 2843 quod
1699 2786 1946 2828 Concilium
1963 2785 2263 2830 'tridentinum
2276 2785 2322 2835 in

1365 2844 1477 2887 locis
1512 2843 1632 2902 supra
1656 2844 1799 2889 citatis
1833 2851 1873 2894 §-
1893 2845 1943 2889 ὠ·
1957 2844 2049 2886 licet
2081 2845 2326 2890 decreverit

1364 2904 1645 2960 juspraestandi
1666 2904 1912 2950 consensum
1944 2907 1989 2950 in
2012 2903 2326 2953 reservatione-³

1363 2963 1717 3021 jurispatronatus
1731 2995 1746 3016 ‚
1779 2981 1854 3010 nec
1870 2981 1954 3010 nou
1972 2966 2035 3018 jus
2050 2965 2323 3034 instituendi,

1366 3029 1406 3069 &
1422 3025 1672 3069 conferendi
1704 3027 1910 3070 beneficia
1943 3026 2125 3084 spectare
2139 3027 2192 3070 ad
2208 3023 2334 3081 solos,

1364 3083 1600 3143 Episcopos
1614 3116 1628 3136 ‚
1662 3101 1706 3130 ut
1723 3088 1883 3145 legenti
1897 3100 2014 3145 patet
2027 3117 2042 3138 ,
2075 3085 2147 3130 sed
2167 3090 2330 3145 etiam?

1367 3144 1517 3190 orniffo
1535 3176 1549 3196 ‚
1566 3147 1685 3206 quod
1702 3149 1761 3191 ita
1778 3149 2047 3195 decreverim
2081 3161 2226 3193 tamen·
2238 3158 2323 3202 non

1367 3222 1442 3263 per
1457 3208 1539 3251 hoc
1555 3208 1813 3268 intelligitur
1838 3207 2013 3253 voluisse
2049 3208 2331 3266 comprehen-

1367 3269 1470 3310 dere
1491 3269 1742 3312 Cardinales
1759 3300 1774 3321 ‚
1805 3283 1848 3314 et
1867 3271 1928 3313 cis
1944 3268 2109 3312 auferre
2127 3266 2321 3326 praefataae

1362 3329 1456 3381 jura
1468 3330 1529 3371 eis
1545 3328 1736 3373 concessa
1757 3332 1912 3374 intuitu
1929 3330 2217 3373 Cardinalitiae
2241 3328 2332 3370 Di:-

1368 3390 1569 3444 guitatis;
1597 3389 1895 3435 transferendo
1922 3392 2008 3434 haec
2024 3390 2077 3433 ad
2092 3387 2206 3431 solos
2221 3389 2326 3445 Epi,-

1367 3449 1525 3506 scopos
1540 3479 1552 3499 ‚
1566 3452 1665 3508 quia
1684 3465 1830 3494 notum
1844 3452 1958 3494 estin
1974 3452 2064 3503 jure
2080 3448 2326 3510 quodlicet

1369 3512 1442 3552 ubi
1461 3508 1678 3567 dispositio
1691 3515 1748 3557 est
1769 3524 1981 3568 concepta
2002 3523 2076 3567 pet
2094 3511 2223 3554 verba
2237 3510 2328 3554 uni-

1368 3569 1545 3614 versalia
1560 3600 1574 3621 ,
1607 3577 1648 3616 &
1670 3573 1785 3615 illius
1812 3571 1924 3615 ratio
1950 3571 2007 3614 est
2024 3572 2331 3676 proportignlqn

2259 3644 2272 3672 1
2292 3642 2330 3673 is
