2502 3848
624 337 923 403 casus
1002 337 1062 379 x

456 420 658 467 Oncessus
674 423 754 465 fuit
773 423 797 465 a
822 424 933 466 Sede
956 423 1204 479 Apostolica
1228 423 1332 480 Epi,

328 431 436 541 C
469 483 597 540 scopo
616 483 821 527 Dioecesis
839 484 884 524 Β.
909 481 1080 540 ejusque
1097 480 1333 525 successori-

392 547 472 588 bus
491 546 533 586 in
549 555 800 600 perpetuum
817 541 910 585 usus
928 544 1080 584 Crucis
1097 557 1171 599 per
1189 555 1330 585 totum

391 602 689 661 Episcopatum
709 633 723 653 ,
748 602 967 646 occasione
984 603 1300 658 auternJubilei
1316 630 1331 650 ‚

391 676 463 706 aut
479 663 751 720 expositionis
768 662 1036 707 Venerabilis
1062 664 1104 705 in
1122 661 1332 704 Ecclesia..-

393 725 610 766 Patronali
625 727 671 766 B.
696 723 935 766 fundata'in
959 723 1145 780 quodam
1171 721 1303 764 feudo
1320 749 1334 770 ,

391 785 515 842 quod
547 784 925 840 titulo-emptionis
953 811 967 832 ‚
991 795 1062 824 aut
1091 782 1335 825 donationis

397 844 646 886 translatum
665 841 746 885 fuit
773 843 1333 897 unacum—Iurepatronatus

394 905 434 946 ei
447 918 612 946 annexo
633 903 686 945 ad
703 902 921 961 quoddam
939 902 1236 944 Monasterium
1251 901 1335 942 Re-

392 965 601 1023 gularium
616 992 630 1012 ‚
643 964 685 1006 in
708 976 796 1020 quo
811 961 930 1004 ficuti
945 962 1069 1003 etiam
1085 962 1129 1003 in
1140 960 1335 1004 Ecclesiis

393 1025 448 1066 ab
483 1037 535 1066 eo
566 1023 910 1080 dependentibus
945 1023 1095 1079 vigore
1120 1021 1335 1078 privilegii

390 1084 644 1139 Apostolici,
662 1096 738 1126 nec
758 1082 1006 1124 Ordinarius
1022 1110 1036 1131 ,
1058 1095 1136 1123 nec
1152 1083 1335 1138 Legatus

392 1143 521 1185 ullam
549 1143 906 1199 praeeminentiam
922 1170 934 1190 ‚
959 1155 1035 1183 nec
1061 1139 1337 1198 superiorita-

394 1215 480 1245 tem
501 1232 514 1252 ,
546 1207 586 1245 &
629 1200 956 1255 jurisdictionem
1004 1201 1336 1259 quomodolibet

391 1276 590 1306 exercere
618 1263 779 1318 potest,
804 1262 965 1304 accessit
994 1262 1046 1303 ad
1071 1262 1222 1303 dictam
1251 1261 1336 1302 Ec:-

392 1322 556 1365 clesiam
572 1320 821 1378 Episcopus,
833 1336 926 1363 eam
940 1321 1222 1380 ingrediendo
1240 1318 1336 1371 curn

389 1384 533 1424 Cruce
555 1385 688 1424 erecta
706 1411 720 1431 ,
746 1382 944 1430 Abbaoe,
981 1396 1027 1423 ac
1056 1380 1335 1439 Regularibus

392 1441 571 1499 praefati¹
602 1443 845 1484 Monasterii
891 1441 1281 1484 contradicentibus
1323 1469 1336 1480 .

391 1504 506 1544 Hinc
523 1503 657 1544 oritur
673 1502 845 1543 dubium
857 1529 871 1550 ,
886 1502 954 1543 An
968 1500 1196 1557 Episcopus
1215 1499 1335 1555 posiit

393 1563 438 1605 in
455 1564 538 1605 hoc
554 1560 646 1604 casu
661 1563 827 1619 ingredi
848 1562 999 1619 dictam
1019 1559 1243 1602 Ecclesiam
1259 1562 1336 1601 Pa-

393 1624 621 1671 uenalem,
634 1625 770 1664 erecta
784 1623 923 1662 Cruce
940 1652 950 1662 .

452 1683 583 1742 Qod
605 1683 805 1738 negative
823 1679 1119 1724 resolvendum
1137 1681 1308 1724 videtur
1323 1710 1335 1721 .

395 1743 749 1798 Distinguendum
766 1742 821 1783 est
846 1742 955 1783 enim
980 1743 1091 1784 inter
1108 1739 1335 1782 accessumd

389 1800 595 1858 Episcopi
628 1800 893 1844 necessarium
924 1802 977 1843 ad
1003 1800 1227 1843 Ecclesiam
1255 1799 1334 1841 Re·-

392 1863 609 1918 gularium
625 1891 638 1910 ‚
673 1862 957 1905 voluntarium
991 1889 1003 1909 ‚
1037 1865 1075 1904 &
1105 1862 1306 1902 mixtum
1320 1891 1332 1901 .

391 1923 597 1977 Qamvis
629 1924 738 1964 enim
765 1922 937 1978 quando
955 1921 1092 1976 agitur
1109 1921 1161 1962 de
1175 1918 1332 1962 accessu

393 1979 620 2024 necessario
633 1981 683 2023 ad
702 1980 923 2023 Ecclesiam
947 1981 1215 2036 Regularium
1246 2008 1258 2028 ‚
1290 1992 1334 2020 ut

394 2042 453 2084 est
473 2042 546 2084 ille
564 2071 576 2091 ,
603 2043 675 2100 qui
702 2041 858 2083 accidit
886 2041 1107 2083 occasione
1127 2041 1334 2083 visitatio-

391 2102 456 2144 nis
469 2104 511 2144 in
524 2102 879 2143 concernentibus
899 2104 1055 2145 Curam
1074 2101 1335 2148 Animarum,

391 2174 463 2203 aut
481 2161 755 2204 Proceffionis
770 2161 947 2216 publicae
976 2189 990 2209 ‚
1018 2173 1087 2202 aut
1108 2159 1335 2202 Pontifica-

1397 853 1462 884 22.

391 2222 496 2263 lium
513 2221 630 2276 possit
647 2218 874 2276 Episcopus
894 2248 906 2269 ‚
931 2221 1070 2262 Cruce
1087 2225 1246 2269 erecta,
1273 2222 1337 2261 in-
1394 2237 1415 2276 3

392 2282 515 2337 gredi
533 2280 755 2322 Ecclesiam
775 2281 1043 2337 Regularium
1061 2310 1073 2329 ,
1091 2294 1138 2321 ea
1156 2282 1351 2329 ratione‚.

393 2342 495 2397 quia
510 2342 553 2382 in
570 2339 729 2382 casibus
748 2341 969 2396 praedictis,
990 2341 1337 2397 visitationis,pu-

389 2400 594 2443 blicarum
610 2400 916 2442 Proceffionum
938 2428 951 2448 ‚
971 2405 1009 2443 &
1025 2399 1335 2443 pontificalium

392 2461 597 2516 derogata
613 2458 803 2502 remansit
815 2462 1029 2515 exemptio
1048 2461 1334 2518 Regularium‚

393 2524 434 2563 δε
446 2520 632 2562 restituta
649 2522 690 2561 in
708 2518 820 2575 ipsos
834 2516 1092 2576 Episcopalis
1104 2519 1333 2573 jurisdidtio

393 2594 468 2636 per
496 2581 739 2623 Concilium
770 2580 1063 2622 Tridentinum
1094 2594 1180 2635 cap.
1195 2592 1210 2620 1
1226 2595 1260 2621 1.
1284 2581 1333 2624 (θ’

390 2641 667 2698 cap-13·s⁶'ffi2,
680 2651 719 2690 5.
736 2641 782 2680 de
795 2641 950 2696 Regul„
969 2645 1007 2683 &
1026 2653 1100 2696 per
1116 2639 1359 2683 decretum

392 2699 484 2741 Sac.
501 2701 865 2755 Congregationis
877 2698 1237 2756 Episcoporum‚&
1253 2702 1335 2744 Re-

390 2760 600 2816 gularium
624 2759 647 2801 a
664 2760 886 2801 Clemente
907 2761 1021 2800 VIII.
1055 2763 1332 2816 approbatum

391 2819 503 2876 apud
520 2825 679 2862 Novar.
697 2821 739 2859 in
750 2823 894 2860 Summ.
913 2820 1065 2860 Bullar.
1076 2832 1212 2874 par-1.
1228 2837 1332 2862 com-

391 2890 516 2920 ment.
541 2892 555 2918 1
566 2894 606 2929 9.
636 2879 684 2922 &⁵
700 2881 805 2933 apud
817 2882 990 2934 Fagnan.
1006 2879 1047 2919 in
1061 2893 1143 2934 cap.
1160 2882 1245 2923 Tua
1265 2896 1333 2923 nos
1345 2877 1351 2884 ”

394 2939 442 2980 de
458 2940 564 2978 aun.
579 2937 627 2981 (φ
640 2938 831 2992 usupallii
843 2954 948 2980 num.
959 2953 1040 2989 19.³
1058 2943 1097 2981 &
1115 2941 1201 2982 dixi
1217 2938 1334 2997 supe-

400 2998 485 3040 rius
503 2998 741 3051 CaſsVIIIm.
752 3013 767 3039 1
779 2997 870 3048 7.&·
886 3001 1046 3052 CaſsIX.
1061 3001 1190 3041 Sicuti
1205 3003 1332 3043 etiam

394 3057 544 3099 eadem
565 3058 706 3100 Cruce
736 3063 872 3102 ercita
901 3060 1069 3115 ingredi
1094 3060 1212 3116 possit
1237 3063 1333 3117 Epi-

394 3113 544 3172 scopus
561 3116 708 3160 dictam
725 3118 946 3161 Ecclesiam
965 3147 978 3168 ‚
1008 3121 1179 3177 quando
1193 3122 1332 3176 agitur

396 3175 451 3216 de
466 3175 554 3226 ejus
570 3175 724 3220 accessu
742 3179 875 3221 mixto
890 3207 903 3227 ,
928 3181 1119 3222 nimirum
1156 3181 1330 3238 quando
1348 3175 1356 3187 ”

394 3234 560 3276 accedit
576 3237 627 3277 ad
645 3238 866 3279 Ecclesiam
882 3240 1150 3296 Regularium
1175 3241 1332 3283 invita-

395 3305 466 3336 tus
497 3293 550 3334 ab
587 3296 648 3336 eis
676 3297 735 3338 ob
762 3298 943 3354 aliquam
974 3298 1231 3342 functionem
1269 3301 1330 3342 ibi

391 3353 699 3412 peragendam,
728 3368 868 3398 tamen
896 3359 1068 3414 quando
1097 3360 1236 3414 agitur
1253 3360 1329 3401 de)

391 3410 552 3455 accessu
578 3415 689 3456 mere
712 3415 950 3458 voluntario
975 3432 1025 3460 ex
1050 3414 1168 3460 causa
1197 3419 1331 3462 devo-

771 187 1262 256 Commentaria
1284 188 1365 254 ad
1391 186 1684 279 singulos
1709 193 2014 256 Canones

1440 307 1607 363 Jubilei
1634 333 1658 354 ‚.
1679 316 1751 347 aut
1781 301 2059 359 expositionis
2092 301 2390 351 Venerabilis}

1449 365 1679 423 Episcopus
1698 363 1902 406 accedere
1920 377 2005 406 non
2022 361 2136 407 valet
2165 361 2218 403 ad
2247 362 2394 405 Eccle-

1450 426 1548 472 siam
1565 424 1836 480 Regularium
1849 424 1989 466 Cruce
2004 426 2140 466 erecta
2155 450 2168 470 ,
2184 422 2283 479 quia
2296 422 2392 466 cum

1451 486 1614 527 delatio
1631 485 1780 525 Crucis
1806 482 1853 525 sit
1883 481 2041 540 signum
2065 481 2362 534 jurisdictionis
2378 508 2393 530 ,

1451 545 1604 603 nequit
1620 541 1852 600 Episcopus
1866 543 1980 586 illam
1997 543 2162 598 erigere
2183 543 2228 586 in
2240 541 2391 584 Eccle-

1451 604 1517 647 siis
1538 604 1809 662 Regularium
1821 631 1834 652 ‚
1853 602 1926 646 nisi
1938 603 2093 646 habeat
2108 600 2288 658 speciale
2303 603 2390 657 pri*

1452 665 1657 723 vilegium
1674 693 1688 713 ‚
1714 664 1830 717 juxta
1846 664 1959 721 Gloffi
1972 663 2014 705 in
2031 662 2217 706 clement.
2233 661 2393 703 Archie-
2428 681 2441 712 τ)

1446 725 1597 780 pistopo
1612 724 1659 764 de
1664 724 1810 778 privil.
1825 723 2115 779 infiguratione
2126 722 2250 775 casus,
2262 721 2391 777 ibique

1452 785 1550 829 Abb.
1566 797 1652 824 ω.
1665 783 1866 825 Zabarell.
1883 794 1968 832 n.5.

1512 845 1590 885 His
1605 854 1747 884 tamen
1767 857 1853 885 uon
1870 841 2130 886 obstantibus
2163 841 2318 885 veritas
2334 839 2394 883 est

1452 905 1497 946 in
1527 904 1783 946 contrarium
1807 933 1818 944 .
1849 903 2062 960 Qoniam
2092 899 2275 944 Ecclesia
2305 900 2393 944 haec

1454 962 1694 1010 Patronalis
1713 962 1917 1005 translata
1942 963 1995 1005 ad
2012 961 2228 1019 praefatum
2242 960 2393 1003 Mona-

1453 1023 1616 1066 sterium
1636 1023 1905 1080 Regularium
1921 1037 2016 1066 cum
2033 1021 2298 1065 universitate
2315 1021 2392 1064 bo·-

1453 1098 1618 1131 norum,
1635 1084 1703 1124 cui
1719 1094 1981 1125 eratannexa
2016 1082 2142 1124 titulo
2175 1080 2296 1133 hujus
2307 1093 2394 1124 eme

1451 1145 1613 1200 ptionis
1629 1171 1643 1190 2
1669 1154 1739 1184 aut
1762 1143 2007 1184 donationis
2022 1137 2393 1196 subjectanonfuit

1455 1201 1598 1247 effecta
1613 1203 1801 1250 Abbati,
1827 1206 1865 1244 δι
1882 1201 2161 1257 Regularibus
2180 1197 2398 1258 ejusdem-i—

1453 1263 1695 1305 Monastetii
1712 1262 1856 1320 quoad
1876 1258 2312 1315 jurisdictionem‚sed
2325 1256 2394 1303 so-

1452 1324 1539 1366 lum
1556 1323 1700 1380 quoad
1717 1319 2086 1377 praesentationem
2103 1321 2392 1378 Restotismec
2425 1338 2449 1373 1.-

1451 1385 1603 1440 vigore
1646 1380 1883 1435 hujusmodi
1927 1382 2224 1427 translationis
2263 1378 2392 1423 eva-fit

1450 1438 1701 1499 Regularis3
1718 1446 1758 1485 &
1775 1453 1970 1498 exempta
1983 1470 1997 1490 ‚
2014 1438 2084 1484 sed
2102 1438 2294 1486 remansit
2311 1467 2326 1488 2
2352 1443 2393 1485 &

1450 1504 1509 1546 est
1532 1503 1750 1545 Saecularis
1767 1529 1781 1550 ,
1814 1506 1854 1545 δε
1896 1499 2076 1553 subjecta
2117 1499 2397 1555 jurisdiCtioni

1448 1562 1647 1619 Episcopi
1675 1578 1686 1608 ς
1719 1562 1852 1603 Sicuti
1869 1562 1998 1618 igitur
2017 1559 2253 1617 Episcopus
2275 1570 2392 1610 a-ntv

1450 1623 1775 1666 translationem
1791 1635 1884 1663 cum
1902 1620 2168 1664 universitate
2179 1622 2391 1665 bonorum

1450 1695 1621 1740 poterat
1637 1683 1752 1724 illam
1779 1681 2002 1725 Ecclesiam
2036 1681 2200 1737 ingredi
2229 1680 2391 1723 Cruce)

1451 1746 1585 1785 erecta
1600 1772 1610 1782 .
1642 1744 1706 1784 Ita
1723 1742 1851 1784 etiam
1879 1742 1971 1797 post
1986 1743 2304 1785 translationem
2320 1753 2392 1783 ea-

1449 1804 1546 1845 dem
1576 1806 1716 1846 Cruce
1747 1804 1883 1843 erecta
1912 1803 2024 1847 illam
2050 1802 2217 1857 ingr-edi
2233 1799 2392 1843 valebit

1451 1865 1576 1905 etiam
1595 1865 1638 1904 in
1655 1860 1812 1904 accessu
1828 1861 2073 1904 voluntario
2091 1890 2105 1910 ,
2132 1862 2227 1904 cum
2249 1861 2392 1902 iuxta„

1450 1922 1670 1965 secundam
1687 1921 1999 1964 conclusionem
2016 1919 2204 1976 superius
2228 1921 2270 1961 in
2283 1924 2394 1968 Com2

1449 1983 1642 2026 mentario
1660 1983 1880 2024 dedutstam
1895 2010 1907 2029 ,
1925 1982 2129 2024 translato
2139 1983 2391 2038 Jurepatro-

1449 2054 1665 2091 natus‚aut
1683 2041 1864 2084 Ecclesia
1879 2043 2092 2086 Patronali
2107 2055 2204 2091 >cum
2223 2041 2388 2082 univer-

1449 2103 1568 2146 sitate
1586 2104 1798 2145 bonorum
1814 2102 1867 2144 ad
1887 2114 2108 2158 exemptos
2128 2115 2213 2145 non
2230 2101 2392 2143 minua-

1452 2177 1518 2206 tur
1535 2165 1576 2205 in
1595 2161 1756 2218 ipsajus
1772 2160 2019 2218 Episcopale
2042 2191 2052 2201 .
2103 2207 2110 2213 ἡ

1511 2224 1668 2265 Verum
1684 2223 1810 2264 etiam
1828 2221 1854 2263 si
1878 2221 2135 2278 supponatur
2151 2249 2164 2270 ,
2182 2226 2221 2265 &
2234 2220 2389 2267 admit-

1449 2295 1560 2325 tatur
1574 2312 1587 2331 ,
1600 2282 1716 2339 quod
1733 2283 1818 2324 haec
1834 2282 2015 2324 Ecclesia
2039 2281 2273 2324 Patronalis
2290 2277 2393 2321 effe-

1449 2347 1511 2385 &a
1527 2343 1656 2385 fuerit
1677 2354 1869 2397 exempta
1887 2371 1899 2389 ‚
1929 2347 1968 2385 &
1985 2342 2203 2397 Regularis
2219 2369 2233 2390 ‚
2253 2340 2391 2386 adhuc

1449 2401 1602 2445 censeo
1628 2400 1738 2458 posse
1755 2398 2006 2457 Episcopum
2024 2402 2246 2443 habentem
2265 2402 2394 2456 privi-

1447 2464 1605 2520 legium
1634 2460 1852 2504 deferendi
1871 2465 2053 2506 Crucem
2083 2462 2199 2503 illam
2225 2463 2267 2504 in
2300 2461 2390 2508 redi

1448 2524 1589 2565 Cruce
1622 2524 1756 2563 erec‘ta
1784 2535 1870 2564 non
1899 2520 2031 2564 solum
2062 2523 2104 2563 in
2147 2531 2246 2563 acce
2282 2535 2307 2563 u
2335 2520 2390 2565 ad

1450 2597 1539 2625 earn
1558 2579 1782 2624 necessario
1794 2609 1808 2630 ‚
1837 2594 1908 2625 aut
1923 2583 2055 2624 mixto
2071 2609 2084 2628 ,
2113 2578 2187 2623 sed
2204 2582 2330 2622 etiam
2347 2581 2388 2621 in

1448 2639 1607 2684 accessu
1624 2641 1866 2684 voluntario
1880 2639 1998 2684 causa
2014 2639 2171 2684 scilicet
2186 2640 2390 2684 devotio-

1450 2705 1515 2744 nis
1532 2731 1544 2750 ,
1575 2702 1692 2756 juxta
1718 2701 1907 2744 Clement.
1923 2701 2204 2756 Archiepg'scopo
2231 2701 2278 2741 de
2293 2699 2388 2741 Pri.-
2411 2723 2414 2724 ν

1447 2763 1568 2818 vileg.
1587 2791 1600 2810 ‚
1626 2761 1836 2819 quaelicet
1865 2763 2063 2819 loquatur
2091 2761 2144 2803 de
2167 2760 2392 2816 Archicpi-

1448 2821 1579 2878 scopo
1596 2850 1609 2869 ,
1637 2821 1766 2863 habet
1797 2824 1922 2864 etiam
1937 2822 2078 2864 locum
2093 2823 2135 2863 in
2151 2819 2359 2876 Episcopo
2374 2846 2389 2868 ‚

1452 2883 1521 2924 cui
1537 2910 1549 2930 ‚
1568 2895 1620 2923 ex
1636 2882 1864 2939 privilegio
1880 2881 2086 2938 competit
2103 2881 2265 2922 delatio
2277 2881 2389 2922 Cru-

1446 2944 1507 2984 cis
1523 2955 1598 2997 per
1613 2939 1727 2983 suum
1738 2939 2034 2998 Episcopatum
2054 2970 2068 2990 ,
2093 2953 2138 2983 ut
2158 2939 2287 2982 docet
2304 2943 2386 2980 No-

1449 3001 1587 3043 var.in
1593 3001 1940 3057 Sum-Bullar.par.
1949 3015 1965 3041 1
1973 3007 2196 3044 .Comment.
2205 3013 2221 3040 1
2231 3013 2313 3049 9.n.
2324 3012 2338 3038 1
2349 3013 2390 3052 3.

1450 3063 1509 3110 ibi
1526 3087 1567 3094 --
1582 3064 1635 3102 Et
1647 3062 1839 3115 quamvis
1866 3062 1975 3104 dina
1990 3059 2237 3102 clementina
2253 3060 2389 3115 loqua-

1447 3133 1516 3169 tur
1527 3122 1575 3162 de
1589 3119 1876 3176 Archiepfiopo
1887 3150 1900 3170 ,
1917 3132 2047 3164 tamen
2058 3119 2130 3161 illa
2130 3119 2220 3174 suit
2240 3117 2390 3160 contin-

1425 3209 1431 3213 ·
1442 3179 1768 3238 gentiafaHi,&
1776 3193 1851 3235 per
1867 3196 1954 3222 eum
1969 3196 2041 3224 non
2059 3178 2285 3222 excluditur
2299 3178 2388 3233 Epi-

1438 3241 2107 3298 stopus·-Pax.⁶Jordan.lucubrat.
2121 3239 2188 3281 lib.
2198 3253 2213 3280 1
2227 3252 2243 3277 1
2253 3267 2262 3278 .
2277 3239 2388 3286 tina.

1447 3314 1628 3350 num.9o.
1642 3300 1799 3354 Barbos-
1816 3302 1862 3342 de
1871 3301 1965 3355 offi'c.
1980 3330 1994 3349 ,
2012 3300 2060 3343 (θ’
2066 3298 2203 3354 potest.
2221 3297 2390 3352 Episcopi

1441 3373 1532 3415 par.
1543 3374 1577 3401 1.
1588 3360 1700 3411 tit-4.
1711 3374 1750 3402 n.
1755 3373 1776 3412 3
1785 3374 1825 3411 9.
1840 3389 1852 3409 ‚
1869 3359 1919 3404 ἀν’
1937 3361 2081 3414 insum.
2095 3360 2209 3401 verb.
2225 3358 2388 3399 Archic—

1441 3420 1584 3475 piscopi
1606 3420 1828 3463 auc't'oritas
1829 3421 1905 3473 sub
1920 3436 1958 3462 n.
1981 3434 2000 3459 2
2010 3421 2049 3460 8.
2065 3418 2362 3474 verfic.Amplia
2377 3445 2388 3457 .

394 3473 543 3524 tionis,
555 3486 600 3516 ut
617 3476 672 3519 est
687 3474 757 3517 iste
775 3475 827 3518 de
845 3489 931 3533 quo
946 3480 1098 3535 agitur,
1112 3478 1329 3523 occasione
1391 3490 1420 3531 4
1451 3529 1456 3534 ,
1508 3480 1630 3524 Ratio
1648 3474 1705 3524 est
1720 3507 1736 3532 ,
1758 3482 1858 3541 quia
1874 3481 2032 3539 duplex
2049 3481 2105 3531 est
2121 3476 2391 3536 specieslnfi·

2252 3540 2393 3594 guium
