2502 3848
378 183 514 260 346

790 170 1284 238 Commentaria
1316 170 1398 236 ad
1433 168 1711 259 singulos
1741 175 2042 251 Canones
2093 201 2100 218 ·-

445 295 543 336 Nec
568 286 812 332 adversatur
843 272 1196 329 resolutio-Sacrae
1213 287 1336 329 Con-
1391 288 1580 330 Priamo--
1595 291 1657 328 An
1669 286 1856 327 Vicarius
1874 288 2091 340 deputatur
2104 288 2319 331 abAbbate
2336 288 2411 341 κᾶν

383 352 648 410 gregationis
678 351 731 391 de
747 361 857 390 anno
881 349 1009 398 1708.
1037 360 1103 397 19.
1118 347 1229 398 Maji
1250 348 1342 390 in-J·

381 412 641 457 Ratisbonen.
677 408 969 452 parochialium
985 435 999 455 ‚
1033 409 1235 465 quonjam
1271 407 1335 449 ibi

386 474 592 529 agebatur
608 469 661 511 de
678 470 833 512 unione
860 467 966 510 facta
985 469 1009 510 a
1025 469 1247 510 Cardinali
1267 468 1336 509 Pi-

385 536 455 576 leo
469 560 481 580 ,
499 536 538 574 δε
553 532 731 572 maxima
751 543 843 571 cum
862 528 1185 585 probabilitate,
1200 541 1335 586 quan-

386 596 444 637 do
457 589 542 648 ipse
558 591 794 633 adhaerebat
813 590 1031 645 Antipapae
1046 617 1059 636 ,
1089 593 1129 632 δι.
1144 589 1336 645 ρτειεάἱᾶα

386 653 487 696 unio
505 665 718 710 uunquam
735 648 816 692 fuit
834 648 1049 692 effestuata
1065 677 1080 697 ,
1116 663 1193 690 nec
1212 661 1334 695 ante,

389 728 466 757 nec
485 713 574 767 post
589 711 835 755 Concilium
853 710 1086 755 5Caeterum
1101 708 1127 750 fi
1146 707 1336 750 Ecclefiae

387 771 655 816 Parochiales
678 771 800 811 unitae
820 769 1079 810 Monasterio
1096 796 1110 817 2
1127 781 1198 810 aut
1218 769 1337 810 ordi-

388 836 430 877 ni
444 832 708 887 Regularium
728 826 853 871 essent
869 827 1001 870 solitae
1018 830 1107 886 regi
1124 842 1198 884 per
1213 829 1339 869 vica-

389 896 476 937 rios
488 920 501 939 ‚
517 895 557 934 &
573 890 824 932 Sacerdotes
837 888 1050 930 saeculares
1068 904 1152 932 non
1172 886 1337 944 possent

389 954 443 996 ad
459 949 565 1007 ipsas
580 948 815 1007 praesentari
834 978 845 997 ‚
863 954 901 992 &
919 951 962 990 in
976 950 1035 991 eis
1049 950 1243 1005 deputari
1262 950 1339 990 Sa-

389 1013 591 1057 cerdotes
611 1011 842 1066 Regulares
859 1037 872 1057 ‚
903 1022 948 1051 ut
964 1006 1198 1052 resolutum
1213 1007 1294 1050 fuit
1313 1010 1342 1051 ὲ.

1449 347 1694 399 Monasterio
1715 346 1878 390 Ordinis
1893 348 2143 391 &Benedim
2160 349 2235 390 loci
2250 351 2298 392 de
2314 352 2407 398 Ceth,

1450 407 1603 448 lanova
1628 419 1703 461 pro
1725 409 1950 448 exercenda
1973 411 2077 451 Cura
2105 409 2339 455 Animarum
2365 411 2408 450 in

1449 467 1617 523 Ecclesia
1635 467 1856 508 parochiali
1873 469 1910 507 S.
1928 469 2075 510 Μανία
2096 470 2169 511 loci
2193 471 2242 511 de
2255 470 2404 512 Pitelos

1443 527 1554 584 pofflc
1569 528 1741 569 eamdem
1757 533 1900 570 Curam
1914 541 2102 570 exercere
2112 529 2156 572 in
2167 529 2253 572 alia
2269 531 2403 579 Eccleq

1436 590 1503 643 sia
1519 588 1741 629 parochiali
1752 593 1791 630 S.
1808 589 1987 629 Martini
2002 589 2075 630 loci
2090 591 2138 632 de
2155 590 2291 633 canda
2308 618 2322 639 ,
2356 606 2404 632 ac

1450 651 1491 688 in
1502 658 1672 704 utraque
1696 649 1859 700 Ecclesia
1876 652 2038 690 Sacrum
2066 650 2200 692 diebus
2215 651 2402 693 Domina·-

1452 708 1506 750 cis
1524 737 1537 756 ,
1557 709 1775 762 &festivis
1791 709 1986 751 celebrare
2004 738 2017 757 ,
2033 709 2074 750 in
2088 712 2178 762 casu
2198 709 2295 754 &n

1393 768 1592 810 Secund&
1603 793 1644 802 --
1658 774 1718 810 An
1735 770 1876 817 abbas,
1901 768 1951 812 (9-
1968 770 2258 821 Monasterium
2268 781 2407 812 tenea-

1450 840 1521 870 tur
1535 829 1706 869 alterum
1723 830 1922 870 Vicat-ium
1941 841 2016 883 pro
2032 831 2198 887 Ecclestax
2226 833 2264 871 S.
2282 835 2403 878 Mar-1

1451 886 1529 930 tini
1558 889 1747 943 deputare
1772 917 1788 938 ‚
1818 887 1930 944 eique
1962 904 2177 946 congruam
2203 906 2258 934 ex
2292 892 2402 934 illius

1452 948 1673 1061 7:3⁹dein
1689 977 1703 996 ,
1725 949 1882 991 decimis
1899 977 1913 998 ,
1942 949 2197 1005 &primitiis
2207 952 2402 1010 affignare.

1454 1022 1495 1050 m
1510 1023 1554 1049 ca
1575 1023 1600 1048 u
1669 1024 1701 1051 c.
2238 1029 2243 1035 ·

390 1076 585 1117 Suc-Rota
602 1071 643 1111 in
657 1070 841 1112 Brixien.
854 1069 1144 1122 jurisdifflionis
1163 1083 1182 1109 2
1195 1082 1235 1119 7.
1255 1069 1344 1128 “ju-
1393 1069 1543 1124 Tertio
1557 1093 1592 1103 -··
1610 1073 1672 1113 An
1689 1080 1872 1112 renuente
1886 1069 2040 1111 Abbate
2057 1099 2070 1119 ,
2099 1070 2150 1114 ὁ·
2167 1069 2406 1126 Μοηιψενίο

389 1134 448 1175 nii
464 1146 479 1172 1
490 1145 512 1183 7
525 1146 588 1172 ιο.
604 1136 641 1178 §.
655 1130 778 1188 ‘Juris
794 1129 1018 1185 qffistentiae‚
1040 1130 1089 1172 (9'
1107 1134 1146 1177 §.
1161 1132 1253 1171 Haec
1266 1144 1344 1181 vqs

390 1210 435 1237 re
449 1206 578 1234 coram
594 1196 641 1234 R.
659 1195 703 1232 P.
719 1194 774 1231 D.
791 1189 974 1233 Kaum’tz
991 1190 1162 1245 irfirids
1170 1190 1336 1244 pariter

391 1253 558 1310 impreffi

488 1313 559 1355 Ad
586 1311 754 1353 tertiam
792 1309 1035 1352 affirmative
1069 1311 1225 1367 pariter
1270 1323 1340 1351 rea

390 1372 678 1431 spondendum
691 1371 944 1423 judicabam,
959 1372 1057 1428 quia
1068 1383 1164 1412 ante
1175 1370 1338 1412 Luthe-

391 1436 532 1476 ranam
567 1431 748 1474 haerefim
777 1432 934 1473 ibidem
969 1430 1101 1472 adfuit
1133 1431 1335 1472 Prioralis

389 1497 558 1538 Domus
574 1521 587 1540 ‚
612 1497 650 1535 &
667 1493 765 1548 quia
777 1490 988 1546 supposito
1003 1491 1240 1533 Parochiali
1259 1491 1340 1532 ibi-

392 1555 489 1596 dem
506 1553 695 1595 existenti
716 1548 928 1593 deservire
960 1551 1117 1593 debere
1138 1565 1211 1606 per
1238 1551 1338 1592 Mo-

393 1614 552 1657 nachos
571 1641 584 1658 ,
621 1613 926 1670 congruentius
944 1609 1040 1652 satis
1064 1610 1108 1653 fit
1122 1611 1338 1666 Apostoli-

390 1677 451 1716 cis
466 1672 853 1715 Constitutionibus
865 1671 1161 1713 constituendo
1176 1669 1336 1713 ibidem

390 1736 625 1776 Prioratum
644 1758 657 1781 ,
673 1733 743 1773 ubi
760 1733 900 1787 plures
921 1732 1121 1774 Monachi
1139 1731 1254 1773 simul
1287 1744 1334 1772 ac

391 1794 647 1850 regulariter
667 1792 925 1834 con-vivunt.

449 1855 501 1895 Et
520 1855 577 1893 ita
591 1853 642 1894 ad
659 1853 850 1908 primum,
867 1855 905 1892 ὃ(
921 1849 1142 1893 secundum
1160 1848 1335 1906 respon-

390 1912 476 1956 sum
494 1912 572 1954 fuit
590 1913 613 1954 a
627 1912 749 1953 Sacra
765 1913 1117 1967 Congregatione
1129 1911 1335 1952 Concilii.

391 1975 462 2017 Ad
481 1972 655 2028 tertium
684 1972 786 2013 vero
802 1969 1006 2026 rescripsit
1039 1971 1090 2012 ad
1110 1970 1200 2011 Sac.
1217 1972 1337 2013 Cou-

391 2034 683 2092 gregationem
716 2028 1018 2086 Episcoporum
1035 2059 1047 2078 ,
1086 2035 1125 2073 &
1154 2031 1336 2089 Regula-

390 2095 495 2137 rium
529 2093 570 2133 in
603 2091 853 2133 Ratisbonen.
867 2091 973 2143 juris
986 2091 1200 2145 deputandi
1219 2092 1333 2135 Vica-

391 2154 495 2195 rium
515 2166 583 2201 29.
597 2153 706 2210 ‘Julii
727 2165 776 2202 17
789 2165 803 2190 1
815 2166 854 2204 3.

333 2225 351 2255 1
366 2226 381 2253 1
447 2215 600 2267 Qaero
622 2212 690 2261 hic
706 2225 755 2253 an
768 2212 960 2253 Vicarius
978 2212 1098 2252 unius
1115 2211 1330 2254 Parochiae

387 2273 517 2330 pleno
545 2272 636 2323 jure
672 2273 794 2312 unitae
821 2271 1076 2312 Monasterio
1106 2271 1332 2327 deputatus

388 2333 440 2375 ab
463 2332 628 2373 Abbate
648 2343 845 2372 exercere
872 2330 993 2386 poffit
1011 2341 1150 2372 curam
1179 2333 1334 2372 etiam,

387 2392 558 2433 alterius
601 2392 812 2433 Parochiae
848 2393 1003 2447 pariter
1034 2391 1159 2433 unitae
1193 2392 1331 2434 eidem

389 2451 677 2495 Monasterio?
714 2491 716 2493 .

446 2512 590 2553 Simile
616 2511 788 2552 dubium
820 2508 1072 2566 disputatum
1102 2509 1182 2552 fuit
1202 2512 1242 2553 in
1259 2511 1332 2553 Sa-

388 2586 458 2613 cra
483 2573 838 2628 Congregatione
871 2570 1059 2612 Concilii
1085 2573 1127 2611 in
1156 2587 1232 2612 una
1250 2577 1331 2614 Au-

385 2633 485 2672 rien.
515 2632 801 2672 parochialium
817 2659 827 2670 .
861 2630 945 2672 Ubi
970 2644 1062 2672 cum
1082 2632 1271 2673 Vicarius
1290 2634 1330 2674 8.

386 2692 528 2733 Mariae
544 2693 596 2733 de
613 2691 773 2732 Pitelos
790 2691 912 2732 unitae
927 2690 1184 2733 Monasterio
1198 2691 1332 2734 S-Sal-

388 2753 550 2793 vatoris
569 2751 622 2792 de
639 2751 876 2792 Cellauova
894 2751 1331 2794 OrdinisSAEenedicti

386 2823 604 2853 exerceret
623 2812 749 2852 etiam
768 2810 923 2851 Curam
948 2811 1120 2853 alterius
1142 2812 1329 2853 Ecclesiae

389 2871 649 2914 Parochialis
667 2870 707 2911 S.
727 2870 900 2911 Martini
917 2871 1054 2911 eidem
1072 2872 1328 2913 Monasterio

385 2933 541 2986 pariter
560 2931 682 2972 unitae
698 2958 711 2978 ,
734 2931 828 2972 &in
849 2930 998 2971 diebus
1018 2932 1270 2979 Dominicis,
1291 2935 1330 2974 &

384 2991 511 3034 Festis
542 2992 583 3031 in
612 3003 788 3046 utraque
820 2989 997 3031 Ecclesia
1031 2988 1186 3031 Missam
1218 2991 1333 3032 ccle-

383 3050 525 3091 braret
543 3065 553 3095 ς
571 3047 798 3105 Episcopus
816 3051 991 3092 Aurien.
1010 3051 1052 3092 in
1064 3048 1327 3092 &visitatio-

384 3122 436 3150 ne
465 3109 643 3159 injunxit
668 3110 829 3153 Abbati
860 3109 902 3150 d.
919 3110 1160 3152 Monasterii
1189 3111 1334 3152 &sal-

383 3170 544 3210 vatoris
563 3197 575 3216 ,
605 3182 650 3210 ut
672 3170 849 3211 alterum
868 3170 1079 3212 Vicarium
1105 3171 1330 3226 deputaret

384 3241 462 3282 pro
481 3229 686 3270 exercitio
714 3231 835 3270 Curae
860 3229 1102 3272 Animarum
1121 3230 1163 3271 8.
1182 3231 1331 3272 Marti·
1378 3259 1383 3266 -

385 3287 428 3326 ni
444 3284 463 3333 ‚'
483 3289 522 3327 δι
539 3287 711 3329 Vicario
738 3289 778 3328 8.
798 3290 936 3330 Mariae
956 3290 1138 3332 inhibuit
1159 3290 1210 3331 ni·
1227 3291 1330 3331 duas

383 3342 522 3385 Musas
539 3346 683 3387 eadem
703 3348 774 3388 die
790 3349 1028 3390 celebraret
1043 3379 1054 3389 .
1086 3354 1228 3404 Quare
1253 3365 1331 3404 pro

384 3417 500 3459 parte
519 3404 701 3446 Abbatis
719 3407 966 3462 requisitum
996 3408 1077 3450 fuit
1105 3410 1332 3452 oraculum

385 3464 470 3506 ΕΕ.
486 3464 561 3509 ΡΡ.
580 3462 699 3522 super
713 3464 992 3524 infrascriptis
1011 3468 1150 3511 dubiis
1167 3497 1178 3508 .

1453 1129 1624 1171 alterum
1640 1129 1840 1174 Vicarium
1861 1129 1903 1170 in
1915 1128 2023 1171 dia‘i'a
2041 1132 2208 1189 Ecclefia
2223 1134 2263 1172 S.
2283 1134 2404 1178 Man,

1452 1189 1531 1231 tini
1561 1191 1748 1242 deputare
1766 1218 1781 1238 ,
1809 1190 1921 1247 eique
1950 1204 2164 1246 congruam
2192 1207 2247 1234 ex
2281 1190 2401 1235 dieti:

1452 1250 1675 1291 redditibus
1691 1280 1705 1300 ‚
1723 1250 1884 1291 decimi!
1895 1279 1910 1300 ‚
1926 1250 1976 1293 ὠ*
1987 1250 2181 1305 primitiis
2195 1251 2410 1310 affigurare,-

1446 1310 1556 1367 pqfflc
1569 1310 1670 1351 idem
1687 1310 1867 1354 Vicarius
1890 1310 1917 1351 a*
1931 1311 2261 1370 Reverendiffi'mo
2283 1310 2406 1352 Ordi-
2442 1327 2444 1329 ·

1457 1370 1572 1411 nario
1587 1370 1786 1424 deputari,
1800 1371 1912 1426 eique
1928 1385 2097 1428 congrua
2105 1372 2302 1426 pradilia
2316 1369 2406 1430 ”ffi'

1455 1430 1576 1486 gnari
1590 1431 1630 1472 in
1641 1431 1731 1484 casu
1746 1431 1834 1474 &a

1514 1490 1578 1532 Ex
1591 1484 1771 1548 quorum
1789 1488 2052 1534 resolutione
2065 1519 2078 1540 ,
2096 1495 2136 1535 δι
2153 1489 2324 1535 exinfra
2338 1490 2406 1534 di-

1452 1551 1599 1592 cendis
1622 1549 1836 1592 desumere
1853 1554 2014 1607 poteris
2035 1553 2161 1593 etiam
2177 1549 2407 1595 resolutio-

1455 1624 1549 1652 nem
1567 1610 1793 1666 propositae
1808 1613 2047 1669 quaestionis
2065 1641 2076 1652 .
2098 1612 2304 1655 Dicebam
2320 1613 2404 1668 igin

1453 1683 1522 1711 tur
1539 1671 1592 1712 ad
1608 1673 1788 1726 primum*
1801 1672 1965 1714 studens
1980 1672 2090 1727 apud
2107 1673 2266 1715 R.1³.D.
2282 1668 2404 1715 Aufi-

1454 1731 1586 1772 daeum
1602 1759 1614 1779 ,
1632 1745 1739 1772 nunc
1755 1732 2048 1775 meritissimum
2067 1732 2323 1776 Sanstiffimae
2338 1731 2406 1773 In-

1450 1790 1689 1847 quisitionis
1702 1792 1743 1832 S.
1758 1790 1895 1834 Officii
1913 1790 2268 1840 Affefforem,non
2289 1789 2402 1847 posse
2445 1803 2447 1806 ’

1448 1850 1663 1907 praefatum
1686 1852 1897 1894 Vicarium
1929 1866 2126 1894 exercere
2170 1852 2400 1894 eamdem..-

1450 1912 1605 1953 Curam
1620 1914 1664 1952 in
1679 1912 1759 1952 alia
1776 1911 1957 1954 Ecclesia
1974 1913 2210 1955 parochiali
2229 1913 2270 1954 8.
2285 1912 2402 1955 Mat-

1446 1972 1530 2012 ‘tini
1549 1972 1657 2013 Loci
1673 1971 1727 2013 de
1742 1972 1892 2013 Canda
1907 2001 1920 2021 ‚
1938 1974 2041 2015 acin
2056 1984 2232 2031 utraque
2254 1972 2405 2015 Eccle-
2440 1987 2464 2000 -·

1450 2029 1503 2073 fia
1527 2032 1696 2073 Sacrum
1727 2032 1878 2074 diebus
1909 2032 2149 2075 Dominicis
2166 2047 2196 2080 ‚s
2217 2031 2258 2075 δε
2286 2030 2399 2074 festis

1449 2091 1666 2134 celebrare
1681 2121 1692 2131 .
1727 2094 1885 2148 Agitur
1911 2094 2021 2135 enim
2057 2093 2110 2133 de
2126 2093 2290 2134 duabus
2322 2093 2403 2134 Ec·

1449 2151 1583 2194 clesiis
1616 2152 1934 2195 parochialibus
1966 2153 2070 2194 licet
2097 2154 2225 2194 unitis
2251 2151 2402 2195 Monta

1449 2212 1572 2255 sterio
1588 2212 1691 2254 Loci
1709 2212 1762 2254 de
1780 2211 2020 2256 Cellanova
2034 2240 2047 2260 ‚
2078 2213 2192 2254 inter
2206 2211 2247 2255 se
2262 2223 2403 2254 tamen

1449 2272 1624 2315 omnino
1659 2272 1860 2314 distinstis
1883 2301 1897 2320 ‚
1933 2276 1974 2314 δε
2001 2270 2203 2327 separatis
2219 2300 2233 2320 ,
2262 2276 2303 2315 δε
2332 2272 2403 2316 ἀὶό

1449 2332 1650 2375 stantibus
1668 2346 1741 2387 per
1767 2345 1893 2374 unum
1911 2333 2087 2374 milliare
2107 2359 2121 2380 ‚
2148 2337 2189 2376 δε
2210 2332 2397 2389 hyemali

1449 2405 1644 2447 ternpore
1661 2393 1786 2433 etiam
1803 2404 1878 2455 per
1893 2393 1979 2433 duo
1997 2391 2192 2434 milliaria
2209 2396 2276 2441 ,δι
2291 2404 2398 2435 una·-

1447 2465 1620 2510 queque
1633 2465 1684 2493 ex
1696 2452 1815 2493 dietis
1827 2451 2022 2494 Ecclesiis
2040 2452 2166 2494 habet
2182 2453 2396 2509 proprium

1446 2511 1654 2567 Populum
1676 2540 1689 2559 ,
1705 2511 1743 2554 &
1761 2510 1956 2560 familias,
1973 2514 2079 2554 itaut
2097 2513 2186 2571 regi
2204 2525 2289 2555 non
2305 2507 2399 2569 post

1448 2570 1541 2614 sunt
1556 2586 1629 2627 per
1646 2573 1813 2613 unicum
1828 2574 2041 2615 Vicarium·
2054 2602 2065 2613 .
2079 2592 2082 2594 v
2097 2573 2173 2614 Iste
2191 2573 2301 2615 enim
2320 2587 2398 2615 eod-

1448 2632 1545 2674 dem
1563 2645 1680 2674 mane
1695 2633 1738 2674 in
1753 2632 1860 2674 locis
1878 2634 1936 2675 ita
1952 2633 2198 2674 distantibus
2215 2646 2302 2674 non
2318 2646 2398 2689 po-

1447 2693 1522 2734 test
1555 2693 1598 2733 ln
1629 2704 1812 2748 utroque
1845 2693 2071 2734 commode
2121 2691 2410 2736 confessiones,

1449 2752 1594 2794 audire
1617 2779 1630 2800 ,
1661 2753 1701 2794 S.
1720 2753 1997 2808 Euangelium
2023 2780 2036 2798 ‚
2066 2762 2134 2794 aut
2175 2749 2401 2803 Catecl'iis-

1452 2827 1561 2854 mum
1580 2826 1793 2867 exponere
1811 2839 1823 2859 ‚
1841 2814 1882 2855 &
1897 2810 2209 2854 necessitatibus
2224 2813 2397 2854 Anima-

1442 2886 1541 2921 ,rum
1575 2870 1792 2929 utriusque
1817 2872 2027 2914 Parochiae
2061 2872 2204 2928 praesto
2221 2869 2330 2920 esse,
2358 2875 2400 2915 &

1404 2968 1406 2974 ,
1449 2933 1546 2973 dum
1566 2931 1656 2972 istas
1673 2959 1688 2980 ‚
1720 2935 1759 2973 δι
1782 2931 1885 2973 alias
1901 2930 2136 2974 functiones
2166 2931 2400 2973 Parochia-

1448 2992 1510 3033 les
1529 2992 1692 3046 peragit
1719 2993 1761 3033 in
1789 2990 1970 3033 Ecclesia
1991 2991 2225 3033 Parochiali
2244 2990 2285 3031 S.
2305 2991 2400 3032 Ma*

1449 3053 1518 3092 rite
1536 3050 1589 3092 de
1606 3050 1764 3092 Pitelos
1783 3080 1794 3090 .
1829 3052 2012 3105 Populus
2029 3079 2042 3099 ‚
2072 3055 2110 3092 &
2126 3049 2292 3092 familiae
2316 3050 2399 3091 Ec-

1450 3110 1578 3152 clefiae
1595 3110 1853 3152 Parochialis
1885 3111 1925 3152 S.
1941 3111 2113 3166 Martini
2146 3110 2199 3151 de
2217 3109 2392 3153 Candas

1450 3182 1667 3212 manerent
1694 3183 1907 3228 tamquam
1942 3172 2056 3211 Oves
2089 3168 2168 3211 fine
2204 3169 2398 3217 Pastore,

1450 3232 1524 3288 qui
1543 3244 1612 3271 eas
1626 3231 1629 3234 ’
1642 3232 1683 3272 8.
1699 3231 1898 3272 Doctrina
1915 3259 1927 3278 ‚
1961 3233 2000 3271 δε
2017 3229 2299 3271 Sacramentis
2331 3241 2401 3284 pa·-

1448 3289 1534 3332 scat
1549 3318 1562 3338 ,
1576 3291 1700 3332 immo
1717 3290 1807 3345 post
1819 3290 2071 3332 celebratam
2089 3287 2248 3330 Missam
2264 3290 2305 3329 in
2324 3290 2402 3330 Ee,-

1451 3347 1572 3392 clesia
1602 3350 1655 3391 de
1688 3350 1848 3392 Pitelos
1878 3349 2028 3391 eodem
2071 3362 2190 3390 mane
2217 3349 2397 3390 deberet
2454 3402 2461 3404 -

1449 3411 1571 3451 aliam
1604 3408 1759 3451 Missam
1790 3410 2004 3452 celebrare
2030 3409 2074 3448 in
2103 3403 2284 3450 E‘cclefia
2322 3407 2399 3449 dev

1455 3470 1652 3513 Candas.
1686 3466 1859 3526 Absque
1892 3468 1981 3510 ulla
2006 3467 2270 3517 necestitate,
2302 3468 2400 3567 dunin

2329 3540 2351 3568 a
2385 3550 2404 3560 -
