2456 3802
311 177 437 257 '518

295 287 420 345 quod
450 283 729 327 Beneficiatus
760 297 834 340 per
848 279 889 324 se
908 283 1037 325 obeat
1070 284 1255 324 Divina..

297 349 449 398 Officia
462 345 845 399 juxta‘Doetrinam
861 343 1032 395 Hostien.
1048 343 1089 384 in
1102 344 1256 398 cap.Ad

299 407 567 454 Liberandam
598 407 645 447 de
678 405 838 462 ‘Judaeis
843 404 936 457 sub.
961 418 1067 445 num.
1106 417 1143 444 1.
1176 406 1254 459 Ego

300 470 423 513 etiam
448 495 463 516 2
509 480 637 524 quem
670 463 902 522 sequuntur
934 465 1094 506 ibidem
1126 467 1254 504 Anan.

300 545 405 574 num.
428 541 442 569 1
454 540 493 579 3.
510 526 630 569 Felin.
644 540 754 567 num.
772 529 813 566 6.
829 527 1001 581 Fagnan.
1015 524 1058 565 in
1069 537 1152 578 cap.
1165 538 1253 565 con-

302 598 491 648 querente
506 588 551 629 de
569 587 710 631 cleric.
725 602 800 628 non
819 586 930 640 rcfid.
949 601 1052 628 num.
1074 598 1142 637 14.
1172 587 1255 626 An-

301 650 433 694 tonell.
450 649 496 690 de
511 648 588 689 loco
601 647 718 704 legal.
732 659 815 702 cap.
837 659 853 686 1
865 659 955 703 3.q.
979 659 1018 695 5.
1034 660 1135 687 num.
1154 657 1224 695 37.

361 712 415 759 Et
430 711 488 761 ita
504 723 569 751 me
591 708 781 750 studente
795 707 905 763 apud
923 707 970 746 R.
982 706 1025 745 P.
1042 708 1096 746 D.
1111 718 1250 745 meum

304 773 433 814 Petra
450 770 492 811 in
508 768 707 810 fimilibus
722 767 913 808 terminis
931 762 1159 806 resolutum
1176 763 1256 805 fuit

304 833 332 876 ὲ
346 833 386 873 8.
401 828 754 893 Congregatione
776 826 966 870 concilii
986 826 1028 866 in
1046 823 1254 865 Bononien-

305 888 574 934 celebrationis
604 887 815 946 Mtſjhrum
836 900 872 926 1.
898 885 1021 945 ⁶Junii
1042 898 1169 938 1709.
1184 885 1255 926 in.-

304 948 573 1009 responfione
588 948 643 989 ad
656 948 833 990 Primum
847 975 857 987 .

422 1049 1076 1103 ARGUMENTUM.

244 1151 331 1203 An
349 1142 676 1200 Beneficium
708 1181 723 1203 ‚
755 1144 900 1214 cujus
923 1137 1169 1193 oneribus
1189 1135 1258 1191 sa-

326 1224 507 1280 tisfieri
532 1243 637 1274 non
660 1221 827 1294 potest
846 1239 939 1292 per
958 1219 1145 1280 alium,
1179 1219 1255 1271 ni-

329 1303 367 1359 s1
393 1307 447 1358 in
473 1300 590 1356 casu
615 1299 933 1355 infirmitatis
959 1338 973 1361 ‚
1014 1303 1069 1352 δε
1112 1297 1256 1372 quod

327 1384 557 1439 conferri
577 1381 746 1455 potest
775 1379 989 1435 Cleric0
1016 1417 1032 1441 ,
1062 1374 1123 1433 s1t
1136 1374 1255 1432 refi-

329 1462 589 1519 dentiale?

442 1586 1096 1640 SUMMARIUM„

288 1687 307 1716 1
342 1675 577 1729 Beneficium
595 1702 608 1722 ,
636 1673 746 1723 cujus
773 1670 953 1712 oneribus
966 1667 1169 1724 satisfieri
1185 1683 1257 1709 non

368 1735 492 1790 potest
503 1746 575 1788 per
590 1732 710 1774 alium
725 1760 737 1780 ,
764 1732 841 1789 nisi
849 1731 891 1771 in
906 1732 994 1784 casis
1005 1728 1259 1784 infirmitatis

375 1796 426 1849 est
444 1793 690 1849 refidentiale
705 1821 716 1831 .

285 1868 312 1907 *2
347 1855 537 1909 Exceptio
555 1852 777 1894 celebrandi
796 1864 869 1906 per
893 1851 1015 1892 alium
1031 1850 1071 1890 in
1086 1851 1174 1903 caſse
1192 1863 1261 1889 ne-

376 1914 712 1973 ceffitatisfirmat
724 1912 898 1968 regulam
913 1911 1233 1952 incontrarium,
1245 1937 1260 1957 ‚

373 1987 418 2017 ut
432 1987 560 2029 nempe
565 1973 711 2026 secluso
728 1971 814 2025 casu
826 1971 1057 2027 neceffl'tatis
1078 2000 1091 2020 ,
1107 1970 1260 2011 Funda-

288 2043 291 2046 ‘
375 2048 440 2080 tor
458 2034 633 2077 voluerit
651 2033 953 2076 celebrationem
969 2031 1176 2091 Mfflrum
1185 2042 1258 2084 per

360 2098 409 2150 se
422 2097 542 2151 ipsum
555 2124 566 2135 .

288 2171 311 2212 3
345 2155 599 2213 Cappellaniae
628 2155 676 2195 de
698 2158 791 2206 jure
807 2151 994 2195 communi
1010 2150 1258 2206 refidentiam

382 2219 594 2273 requirunt
614 2244 625 2255 .

289 2292 319 2332 4
349 2278 583 2333 Beneficium
596 2275 646 2329 est
662 2274 906 2331 rest'dentt'ale
921 2303 933 2323 ,
941 2275 986 2328 si
996 2272 1256 2327 Beneficiatus

374 2338 416 2378 in
430 2340 517 2390 casu
534 2337 712 2387 absentiae
730 2347 913 2376 teneatur
923 2345 1125 2386 reportare
1141 2333 1258 2373 lice‘n-

376 2397 478 2439 tiam
494 2397 519 2436 ci
531 2395 736 2449 Superiorc
749 2424 762 2443 ,
778 2394 870 2448 &st
878 2394 1058 2435 redditus
1072 2391 1259 2448 Beneficii

365 2460 450 2514 sint
465 2456 588 2498 valde
596 2455 762 2512 pingues
779 2466 843 2504 n.5
851 2484 864 2496 .

556 2555 854 2599 CASUS
909 2555 961 2596 X.

358 2637 448 2679 Ene
475 2638 710 2696 neglectum
742 2635 995 2678 remanserat
1007 2634 1260 2677 Beneficium

373 2694 447 2740 sub
467 2699 744 2740 invocatione
776 2698 816 2738 S.
845 2696 1059 2738 Leonardi
1085 2697 1127 2738 in
1160 2696 1260 2738 loco

318 2758 539 2801 Puechach
558 2786 572 2806 ‚
589 2758 746 2800 adeout
762 2757 877 2802 uulla
905 2754 1087 2808 ejusdem
1103 2754 1264 2812 *funda-

316 2821 450 2862 tionis
467 2818 743 2861 custodiretur
756 2821 982 2866 memoria,
1011 2815 1262 2872 nullumque

318 2893 493 2922 onerum
519 2908 531 2927 ‚
563 2892 610 2920 ac
631 2891 915 2934 proventuum
934 2876 1263 2918 documentum)

311 2936 539 2996 superesset
554 2967 567 2986 ,
583 2951 812 2994 propterea
829 2938 908 2988 jam
929 2937 981 2978 de
1000 2950 1111 2977 anno
1134 2941 1209 2984 165
1223 2949 1262 2987 3.

314 2996 673 3054 Archiepiscopus
719 2995 1050 3051 Salisburgenfis
1083 3010 1160 3052 pro
1200 2994 1262 3038 sui

312 3059 616 3101 munere'idem
632 3056 891 3100 Beneficium
911 3057 1154 3108 restauravit
1171 3084 1184 3104 ‚
1214 3070 1261 3098 ac

311 3119 464 3160 iterum
480 3118 631 3166 erexit,
644 3118 731 3164 fibi.
746 3115 918 3175 ejusque
933 3115 1263 3166 Succefforibus,

312 3175 529 3221 reservato
547 3179 636 3231 jure
668 3175 949 3234 praesentandi
966 3178 1182 3219 Clericum
1198 3174 1266 3218 sae-

315 3236 498 3278 cularem
518 3253 594 3293 pro
606 3250 812 3294 tempote‚
831 3239 904 3295 qui
923 3237 1135 3279 adstridtus
1149 3237 1266 3279 foret

316 3307 383 3337 ter
400 3295 526 3337 Miffae
544 3296 800 3340 Sacrificium
830 3298 1048 3340 celebrare
1066 3299 1109 3338 in
1126 3298 1265 3355 quali-

314 3355 393 3397 bet
407 3353 676 3397 hebdomada
690 3362 746 3404 ,δι
760 3357 920 3401 festivis
938 3357 1091 3399 diebus
1109 3387 1122 3406 ,
1134 3372 1180 3399 ac
1201 3359 1266 3399 in-

313 3412 438 3471 super
458 3414 658 3471 quolibet
680 3416 865 3460 Sabbato
886 3418 929 3460 in
945 3430 1041 3459 arce
1057 3419 1269 3475 Clingen-

318 3473 345 3516 fi
358 3492 370 3516 ε
399 3473 865 3518 AdeoutBeneficiatus
879 3477 1267 3533 (quemadmodum

726 160 1218 233 Commentaria
1240 166 1321 232 ad
1337 163 1619 255 fingulos
1643 167 1947 232 Canones

1378 284 1536 340 legitur
1547 285 1589 325 in
1601 281 1905 337 fundatione)fi
1915 280 2185 339 imposterum
2198 283 2255 326 ob
2265 283 2327 326 in*

1377 343 1692 401 dispositionem
1710 345 1904 400 corporis
1922 371 1936 392 ,
1957 355 2029 385 aut
2046 343 2140 386 aliis
2158 344 2212 386 de
2229 356 2328 385 cau-

1375 401 1430 446 sis
1463 408 1676 462 praetae’cas
1707 402 1845 446 Missas
1875 401 2052 460 ipsemet
2081 404 2322 446 celebrare:

1376 479 1461 507 non
1479 463 1610 521 posset
1626 494 1639 513 ‚
1659 467 1692 506 is
1710 477 1850 508 tamen
1868 461 2033 506 easdem
2050 463 2133 507 fine
2147 463 2319 507 defectu

1376 540 1429 568 ex
1445 528 1620 582 proprio
1634 523 1707 568 suo
1742 525 1932 582 marupio
1948 538 2022 582 per
2032 524 2141 567 alios
2158 522 2326 581 supple-

1375 600 1437 635 re,
1455 587 1596 644 &legi
1614 586 1740 628 faciat
1759 617 1771 628 .
1804 587 1883 628 Pro
1902 586 2006 628 dote
2024 587 2126 628 vero
2146 583 2317 636 hujusce
2396 627 2401 631 ,

1374 646 1574 689 Beneficii
1590 659 1739 703 praeter
1756 647 1927 689 domum
1944 644 2235 688 Beneficialem
2252 673 2266 693 ‚
2282 649 2321 689 &

1375 708 1591 750 hortulum
1607 737 1619 756 ,
1636 709 1716 759 jam
1728 708 1861 751 diei-us
1880 704 2235 762 Archiepiscopus
2251 704 2315 748 as-

1378 766 1558 825 fignavit
1575 782 1752 810 annuam
1772 767 1966 808 summam
1984 769 2239 809 florenorum
2256 763 2320 807 su-
2397 755 2434 802 s*

1377 842 1453 884 pra
1468 841 1566 878 300.
1583 823 1635 870 ex
1653 827 1833 870 Ecclefia
1849 828 1984 884 saneti
2000 825 2211 869 Leonardi
2225 826 2329 867 red-

1380 888 1495 929 ditus
1510 917 1522 936 ‚
1542 891 1614 946 qui
1633 891 1698 944 pia
1718 887 1903 930 fidelium
1922 887 2177 930 liberalitate
2188 883 2328 929 sensim
2408 903 2409 906 ¹
2432 855 2438 896 ξ

1377 948 1540 994 adauffl
1570 947 1687 990 fuere
1721 979 1732 989 .
1766 947 1961 991 profecte>
1995 945 2328 1003 septemdecima

1379 1010 1432 1050 ab
1453 1010 1548 1050 hinc
1570 1011 1687 1050 annis
1710 1008 1970 1051 Beneficium
1988 1005 2223 1059 hujusmodi
2245 1007 2328 1049 ob·
2410 1035 2411 1038 =

1378 1070 1504 1111 tinuit
1533 1069 1792 1111 Benardinus
1819 1069 2073 1110 Pancherius
2087 1096 2100 1116 ,
2134 1068 2208 1126 qui
2223 1065 2324 1109 satis

1378 1128 1564 1182 ejusdem
1582 1131 1783 1172 oneribus
1799 1128 1994 1186 perfungi
2016 1143 2092 1186 pro
2108 1138 2230 1170 certo
2247 1128 2324 1170 ha·-

1377 1190 1452 1231 bet
1469 1204 1542 1245 per
1559 1191 1683 1231 alium
1708 1188 1967 1238 substitutum
2001 1217 2014 1234 .,
2047 1188 2119 1230 fibi
2158 1185 2327 1244 persua·-

1378 1249 1501 1297 dens‚
1519 1250 1636 1308 quod
1655 1250 1772 1292 nullo
1785 1248 2013 1291 refidentiae
2031 1263 2159 1291 onere
2178 1247 2223 1291 fit
2234 1261 2328 1304 gra-

1379 1324 1500 1354 vatus
1527 1340 1538 1350 .
1583 1312 1690 1352 Hinc
1725 1312 1949 1353 Promotor
1979 1307 2147 1352 Fiscalis
2183 1309 2323 1353 Curiae

1377 1369 1765 1427 Archiepiscopalis
1778 1369 2101 1427 Salisburgenfis
2114 1367 2322 1411 recursum

1378 1431 1526 1473 habuit
1540 1432 1591 1473 ad
1609 1431 1774 1474 Sacram
1791 1432 2186 1488 Congregationem
2202 1429 2324 1472 Con-

1380 1492 1469 1534 ciiii
1496 1520 1509 1540 ,
1542 1504 1752 1549 quatenus
1772 1490 1858 1548 ipsa
1873 1491 2101 1534 decernere
2119 1489 2316 1547 dignare·
2389 1527 2391 1529 ,
2412 1511 2415 1516 -

1380 1563 1450 1594 tur
1484 1581 1497 1601 ,
1528 1552 1607 1603 jam
1642 1553 1794 1594 dietum
1823 1551 2078 1594 Beneficium
2094 1548 2326 1608 personalis

1382 1612 1616 1654 refidentiae
1630 1626 1759 1654 onere
1777 1610 1854 1654 csse
1874 1610 2062 1654 affectum
2079 1640 2092 1659 ‚
2120 1622 2207 1652 tum
2227 1610 2327 1668 quia

1383 1687 1434 1715 ex
1466 1673 1562 1727 lege
1596 1670 1858 1714 fundationis
1875 1672 2026 1715 domus
2046 1669 2315 1713 Beneficialis

1383 1732 1600 1788 assignatur
1615 1760 1627 1779 ,
1643 1743 1731 1773 tum
1749 1747 1800 1775 ex
1816 1746 1886 1782 eo,
1902 1732 2022 1790 quod
2038 1733 2080 1774 in
2093 1728 2188 1773 casu
2204 1731 2328 1772 dum-

1381 1805 1496 1835 taxat
1524 1791 1776 1835 infirmitatis
1807 1806 1880 1849 per
1897 1793 2022 1834 alium
2051 1789 2241 1848 supplere
2258 1792 2325 1833 in-

1385 1854 1611 1910 dulgeatur
1639 1881 1652 1901 ‚
1684 1867 1730 1895 ac
1765 1854 1935 1895 tandem
1967 1849 2176 1909 perspe&a
2192 1851 2329 1907 opimi·

1386 1912 1567 1967 ejusdem
1586 1912 1786 1955 Beneficii
1803 1914 1906 1956 dote
1924 1942 1938 1961 ‚
1968 1917 2007 1955 δε
2023 1911 2194 1970 quidem
2212 1910 2333 1954 idem·

1370 1977 1615 2017 -Promotor
1638 1972 1850 2015 subtexuit
1870 1970 2107 2027 hujusmodi
2126 1985 2232 2014 onus
2264 1968 2329 2012 sa-

1385 2035 1443 2076 tis
1459 2046 1721 2090 compertum
1737 2034 1978 2086 jamdudum
2005 2030 2121 2075 fuiffe
2138 2031 2330 2088 praeliba-

1386 2107 1434 2138 to
1462 2094 1696 2137 Pancherio
1725 2123 1738 2144 ‚
1770 2096 1843 2152 qui
1877 2095 1919 2136 in
1949 2095 2039 2136 astu
2071 2093 2318 2136 collationis

1386 2168 1469 2212 prae
1486 2156 1649 2198 eaeteris
1668 2155 1776 2197 hanc
1795 2154 2123 2198 declarationem
2139 2151 2271 2196 emisit
2287 2176 2331 2185 --
2382 2171 2384 2173 ·
2420 2165 2422 2172 ‘

1383 2214 1653 2257 Bernardinus
1684 2215 1920 2256 Pancherim
1943 2225 2163 2269 comparet,
2190 2211 2239 2256 ό
2273 2211 2330 2254 ad

1370 2277 1536 2330 faustam
1561 2275 1685 2316 eidem
1703 2275 1996 2330 propositionem
2009 2275 2058 2328 se
2082 2271 2337 2327 judicialiter*
2418 2294 2420 2297 -

1384 2335 1613 2378 declaravit
1629 2362 1642 2382 ‚
1653 2334 1781 2389 primo
1797 2335 1901 2389 apud
1911 2335 2096 2376 collatum
2099 2333 2180 2390 fibi
2197 2336 2328 2375 Bene-

1369 2395 1513 2452 ficium
1528 2397 1566 2436 S.
1578 2393 1772 2437 Leonardi
1796 2394 1838 2435 in
1854 2394 2050 2437 Puechach
2063 2392 2326 2448 personaliter

1384 2456 1550 2513 residere
1562 2484 1576 2504 ‚
1592 2455 1643 2500 ό·
1656 2455 1780 2496 eidem
1806 2469 1986 2497 annexas
1990 2453 2215 2510 funftiones
2232 2452 2331 2508 ipse-

1384 2528 1466 2559 met
1476 2529 1671 2573 peragere
1686 2516 1877 2569 ,secundo
1897 2515 2039 2571 absque
2055 2513 2194 2556 habita
2207 2517 2328 2569 Supe-

1382 2577 1531 2618 riorum
1544 2575 1705 2617 licentia
1719 2578 1767 2618 ab
1781 2576 1912 2617 eodem
1925 2571 2176 2631 nequaquam
2188 2572 2328 2631 abff,

1383 2650 1505 2692 neque
1524 2635 1574 2689 se
1608 2636 1816 2690 absentare
1846 2661 1888 2670 --
1914 2636 2143 2692 Reportata
2160 2636 2327 2692 itaquv

1385 2697 1630 2740 Consistorii
1657 2694 2046 2753 Archiepiscopasli
2062 2694 2337 2738 informatio-

1386 2771 1438 2799 ne
1459 2786 1473 2806 ‚
1503 2771 1549 2798 ac
1579 2759 1622 2799 in
1639 2757 1752 2800 dieto
1770 2757 2038 2814 competenti
2056 2756 2239 2798 termino
2252 2751 2326 2811 ipfi

1383 2817 1617 2860 Pancherio
1636 2846 1649 2865 ,
1678 2829 1722 2860 ut
1750 2817 1910 2870 judicio
1927 2817 2058 2859 Sacrae
2076 2817 2328 2875 Congrega-
2354 2829 2362 2838 ¹

1387 2879 1517 2920 tionis
1536 2875 1684 2920 fisteret
1698 2906 1711 2927 ,
1747 2875 1820 2920 sub
1847 2878 1916 2919 die
1938 2891 1954 2917 1
1969 2890 2004 2917 1.
2029 2877 2148 2933 Junii
2170 2887 2297 2929 1713.
2313 2901 2327 2922 ‚

1382 2938 1525 2979 relatae
1541 2936 1709 2979 fuerunt
1738 2950 1883 2992 preces
1900 2950 1975 2992 per
1995 2937 2298 2980 summarium-1
2314 2961 2330 2982 2

1385 2997 1623 3055 exindeque
1639 2998 1681 3039 in
1698 2994 1884 3050 ejusdem
1896 2998 2161 3040 contumacia
2181 2992 2327 3039 rescri-

1384 3070 1500 3115 ptum
1513 3058 1674 3114 prodiit
1688 3083 1727 3090 --
1746 3058 1990 3114 Beneficium
2014 3059 2083 3119 effi·
2102 3053 2339 3115 ressdmia-

1383 3119 1419 3159 le
1436 3147 1450 3168 ‚
1469 3117 1519 3161 ἐν
1538 3116 1780 3159 Ordinarius
1795 3127 1982 3173 procedat
1986 3119 2072 3172 ser.
2080 3119 2164 3171 fir.
2193 3125 2330 3157 contra

1383 3178 1665 3234 Beneficiatum
1682 3200 1721 3214 --·
1737 3179 1848 3221 Hinc
1864 3177 1960 3221 sane
1977 3180 2181 3222 excitatus
2202 3173 2331 3231 saepe-

1382 3239 1517 3281 dietus
1562 3239 1845 3281 Bernardinus
1883 3240 2147 3286 ‚Pancherius
2205 3235 2330 3279 enixe

1382 3299 1674 3341 contendebat
1690 3328 1702 3347 ‚
1722 3299 1844 3357 quod
1863 3299 1983 3342 nullo
1998 3295 2203 3341 residendi
2223 3309 2340 3338 one-

1383 3373 1429 3400 re
1443 3361 1693 3415 praegravari
1713 3359 1833 3414 poffit
1849 3388 1862 3408 ,
1879 3358 2063 3416 inspeeto
2075 3369 2224 3399 tenore
2240 3368 2339 3398 ere-·

1389 3419 1539 3460 &ionis
1556 3418 1756 3461 Beneficii
1774 3447 1787 3468 ‚
1807 3434 1858 3461 ex
1876 3432 1959 3476 qua
1973 3418 2187 3461 Clericum
2216 3415 2345 3462 insti->

1391 3480 1453 3519 tui
1475 3477 1589 3536 poffe
1612 3480 1781 3522 elicitur
1798 3507 1813 3529 ,
1838 3478 2098 3537 caeteroquin
2117 3478 2219 3523 vero
2235 3475 2333 3577 suep-

2297 3546 2332 3579 it
