2456 3802
494 215 594 278 De
606 214 816 302 Jurep.
834 212 967 276 Par.
982 212 1053 275 II.
1077 217 1238 279 Can.
1254 214 1479 279 XXVI.
1502 213 1644 280 Cal?
1662 215 1704 279 1.

108 322 370 381 quandoque
385 322 518 368 soleat
535 324 557 367 εὶ
573 327 719 384 regula
740 326 880 368 ultimi
895 325 1020 366 status
1036 351 1050 373 ,

107 382 135 422 si
169 386 455 428 incontinenti
488 387 717 428 doceretur
745 388 798 428 de
828 386 1048 428 contrario

109 443 226 486 bono
242 444 331 495 jure
345 447 525 494 claro,in
543 444 732 502 praesenti
750 459 890 488 tamen
906 446 1051 487 datum

112 517 198 545 non
214 503 292 546 fuit
307 507 474 548 titulum
492 535 506 555 ‚
522 519 592 548 aut
608 507 906 563 probationem
926 503 1056 560 inspi-

112 577 231 613 cere,
246 567 359 608 unde
375 568 582 609 contraria
596 568 853 622 pertinentia
868 564 1057 607 desume-

113 637 256 666 retur.
291 628 399 668 Nam
423 624 785 683 affumptumillud
803 655 815 674 ,
846 625 964 683 quod
982 638 1058 666 an-

117 686 299 741 tiquitus
317 685 624 742 juspatronatus
647 687 912 742 integraliter
924 686 1059 742 perti-

118 742 265 787 nuiffet
289 748 340 788 ad
361 749 568 789 Didacum
597 748 650 789 de
680 743 859 789 Rioseco
886 776 899 795 ,
931 747 1058 803 aquo

116 805 272 847 deinde
290 807 596 863 pertranfiverit
611 808 663 849 ad
679 807 1006 854 Commendam,
1018 810 1059 848 &

116 866 168 906 ad
190 864 454 911 Poffefforem
469 868 699 921 Majoratus
716 896 727 914 ,
761 882 837 925 pro
865 882 918 909 eo
938 864 1059 925 quod

116 922 288 980 respicit
303 927 367 978 jus
383 929 658 971 Commendae
685 945 696 974 ς
724 943 809 971 non
826 930 954 970 habet
971 925 1059 969 assi-

116 987 306 1029 stentiam
333 987 427 1033 facti
457 1017 470 1038 ‚
503 990 600 1031 dum
640 1003 692 1031 ex
721 990 914 1031 Testibus
946 1001 1058 1030 anno

121 1057 250 1098 ¹495.
267 1050 512 1091 examinatis
530 1050 689 1091 constat
722 1078 735 1098 ‚
767 1049 887 1107 quod
906 1050 947 1090 in
965 1048 1058 1089 aliis

116 1109 457 1163 praecedentibus
499 1111 792 1153 vacationibus
837 1106 1060 1165 praesenta-

121 1169 284 1214 verint,
302 1170 351 1209 Et
364 1170 476 1211 aliud
489 1183 780 1227 argumentum
792 1167 1057 1226 desumptum

118 1239 171 1267 ex
186 1241 239 1271 eo
252 1257 266 1276 ,
281 1230 399 1285 quod
418 1232 729 1289 Primogenitus
746 1259 760 1279 ,
784 1242 910 1287 prout
929 1234 1057 1273 Com.

116 1289 401 1331 mendatarius
417 1292 634 1347 percipere
657 1288 790 1333 soleat
805 1292 827 1334 a
860 1290 1052 1332 Parocho

117 1346 377 1400 jentaculum
407 1352 449 1391 in
476 1352 545 1392 die
564 1348 866 1407 Affumptionis
897 1346 1054 1393 Beatis-

116 1406 224 1450 fimae
255 1411 442 1468 Virginis
464 1439 477 1460 ,
499 1410 647 1453 deficit
663 1406 819 1467 pariter
851 1413 893 1452 in
919 1410 1029 1452 faCto
1044 1437 1059 1457 ,

116 1467 218 1510 dum
238 1473 493 1512 contrarium
509 1473 651 1526 potius
679 1473 818 1529 liquet
846 1485 896 1513 ex
924 1468 1058 1511 Testi-

119 1528 198 1570 bus
216 1532 462 1572 examinatis
479 1532 520 1573 in
537 1532 639 1573 statu
663 1536 789 1582 1677.
804 1560 817 1580 ‚
850 1535 888 1573 &
905 1531 957 1572 de
973 1545 1054 1573 cae-

117 1599 212 1631 tero
236 1604 378 1646 parum
395 1591 602 1634 relevaret
622 1595 662 1633 in
680 1592 771 1643 jure
785 1621 800 1640 ,
832 1605 923 1633 nam
943 1591 1028 1634 esto
1045 1619 1060 1640 ‚

119 1651 239 1704 quod
255 1651 461 1707 praestatio
488 1651 687 1703 jentaculi
706 1653 931 1694 denotaret
948 1665 1055 1709 qua-

117 1709 280 1753 litatem
310 1713 572 1767 patronalem
589 1741 602 1760 ‚
619 1726 702 1764 non
720 1725 945 1768 propterea
959 1727 1054 1767 per-

116 1768 288 1814 necesse
303 1773 581 1814 concluderet
597 1773 893 1827 pertinentiam
918 1785 1062 1830 atqua>-

114 1829 198 1872 lem
214 1845 309 1874 cum
325 1833 702 1876 Commendatario
713 1864 725 1876 .

176 1894 272 1947 Qa
284 1890 436 1934 seclusa
453 1894 707 1949 probatione
724 1921 738 1941 ‚
755 1891 841 1934 sola
858 1922 872 1942 ,
898 1897 939 1936 δε
972 1891 1062 1934 fim-

116 1950 218 2007 plex
257 1954 456 2008 probatio
502 1951 858 2010 jurispatronatus
888 1951 1058 1996 favore)

113 2012 389 2067 primogeniti
418 2012 681 2055 confundere
709 2042 724 2063 ,
757 2018 797 2057 δι
831 2011 1057 2056 absorbere

116 2085 382 2131 nequaquam
395 2071 527 2129 posset
537 2074 650 2130 quali
664 2071 946 2129 posseffioncm
959 2086 1062 2130 prae-

116 2130 309 2174 sentandi
327 2148 403 2188 pto
420 2134 566 2186 majori
590 2148 707 2190 parte
730 2149 780 2176 ex
797 2136 1000 2192 antiquis,
1018 2137 1059 2177 &

116 2194 431 2235 recentioribus
457 2194 627 2235 statibus
658 2193 806 2235 favore
830 2198 1062 2237 Commen-

116 2252 179 2294 dae
196 2253 461 2297 constabilita
475 2281 489 2301 ‚
507 2266 552 2294 ut
566 2252 646 2295 fuit
662 2254 815 2297 diuum
829 2255 870 2294 in
886 2254 1062 2296 Melevi-

117 2323 218 2354 tana
234 2314 416 2369 Beneficii
435 2313 498 2354 die
524 2326 589 2362 ις.
611 2313 730 2372 ³junii
754 2327 831 2364 171
845 2327 882 2354 2.
912 2319 950 2361 §.
968 2313 1061 2356 Pri-

118 2388 180 2415 mo
195 2387 326 2414 coram
338 2378 495 2419 R.P.D.
508 2388 589 2415 meo
608 2375 889 2423 Aldrovando,
917 2373 966 2417 (φ
978 2374 1061 2416 iti-.-

120 2438 277 2476 Lucana
291 2434 546 2489 Cappellaniae
564 2448 602 2475 2.
615 2435 767 2476 Martii
783 2435 978 2476 currentis
995 2450 1066 2476 an-

118 2494 162 2532 m’
166 2507 238 2547 per
267 2507 392 2536 totam
405 2523 420 2543 ,
435 2494 700 2550 &signanter
716 2500 757 2542 δ.
775 2495 902 2536 Finali
929 2509 1060 2536 coram

61 2566 119 2607 47
134 2558 290 2598 R.P.D.
304 2569 384 2595 meo
398 2553 775 2611 crispo,praesertim
789 2556 838 2596 ad
852 2553 1062 2604 effectum,

121 2615 162 2655 in
195 2629 283 2672 quo
318 2616 359 2656 in
391 2613 578 2671 praesenti
603 2618 802 2657 tractatur
833 2615 1062 2658 decidendi

119 2672 280 2716 scilicet
297 2676 601 2717 institutionem
619 2704 633 2723 ‚
668 2690 761 2733 qnae
782 2675 902 2717 unice
931 2688 976 2716 ut
1002 2673 1064 2716 su·-

121 2749 196 2791 pra
210 2737 361 2776 dictum
378 2737 450 2784 est,
466 2735 697 2793 regulanda
714 2737 831 2778 venit
848 2736 870 2777 a
883 2734 1062 2792 praesen-

119 2796 358 2838 tationibus
375 2796 736 2851 praecedentibus.
770 2794 1064 2838 Etiamfiades-

118 2853 181 2898 set
198 2857 238 2895 in
255 2853 374 2897 causa
392 2858 596 2898 Patronus
615 2884 628 2905 ,
652 2858 726 2913 qui
744 2852 853 2898 suam
887 2854 1062 2912 praesen-

120 2918 329 2958 tationem
362 2914 574 2958 sustineret
592 2945 605 2964 ,
635 2918 735 2974 quia
768 2914 979 2958 reservata
995 2919 1061 2958 in-

120 2976 286 3032 dagine·
300 2977 401 3018 boni
422 2975 520 3026 juris
554 2992 631 3032 pro
659 2977 821 3029 judicio
851 2979 1060 3031 petitorio

121 3037 328 3079 articulus
348 3036 619 3079 institutionis
651 3038 787 3078 adhuc
818 3037 871 3078 ad
899 3037 1060 3079 limites

123 3095 381 3154 posseffionis
399 3124 410 3144 ‚
442 3100 483 3139 &
501 3098 634 3139 ultimi
651 3097 776 3138 status
797 3095 1063 3138 definiendus

121 3158 180 3200 est
194 3186 207 3204 ‚
229 3162 325 3199 Rota
342 3157 385 3196 in
402 3157 668 3198 Mediolanen.
690 3156 875 3212 Beneficii
897 3171 932 3197 1.
951 3157 1064 3211 Apri·-

119 3218 170 3258 lis
193 3230 318 3267 1707.
349 3222 387 3265 ς.
407 3217 597 3266 Postremo
625 3231 755 3258 coram
781 3221 830 3258 R.
845 3220 889 3258 P.
902 3222 956 3259 D.
984 3232 1064 3258 meo

123 3279 292 3329 Aufaldo
304 3306 318 3326 ,
338 3279 387 3321 ό
402 3277 444 3317 in
460 3277 684 3318 Placentina
714 3277 959 3318 parochialis
993 3290 1012 3316 2
1025 3290 1063 3321 2.

125 3338 280 3380 Martii
300 3353 314 3378 1
325 3353 347 3388 7
360 3352 374 3379 1
387 3353 403 3385 5
414 3367 425 3378 .
438 3342 477 3385 §-
492 3339 634 3398 Qare
647 3353 731 3378 cum
745 3353 810 3378 nos
826 3338 930 3391 very}
945 3351 1062 3380 non.)

123 3398 279 3438 obtento
294 3412 424 3439 coram
443 3401 491 3439 R.
508 3403 551 3439 P.
570 3404 619 3440 D.
634 3412 714 3438 meo
736 3403 855 3440 Cerro
882 3415 893 3444 3
927 3413 981 3440 eo
1005 3399 1054 3439 li-

124 3458 295 3500 bentius
308 3460 407 3506 ubi,
424 3471 551 3515 prout
583 3460 649 3500 hic
663 3487 676 3507 ,
696 3455 869 3514 ipsemet
888 3459 1064 3502 Colliti-

124 3531 229 3574 gans
249 3520 436 3575 petendo
454 3516 737 3563 Remiss'oriam
754 3547 767 3568 ,
798 3524 837 3563 δε
855 3519 1062 3577 Compul-

1965 208 2116 300 '453

1175 322 1325 368 soriam
1355 326 1574 369 levitatem
1604 325 1766 369 suarum
1794 327 2123 383 probationum,

1178 387 1384 441 implicite
1401 386 1605 429 fateretur
1623 415 1638 434 ,
1667 391 1757 429 Rot.
1780 387 1823 428 in
1838 403 1916 429 rec.
1933 389 2045 429 dec.6
2058 399 2125 436 17.

1179 460 1263 495 n.9.
1279 458 1415 500 paraq..
1428 476 1441 495 ,
1457 447 1507 490 &⁵
1519 447 1559 488 in
1577 446 2126 501 Mediolanen.separatia'm't

1181 506 1288 548 thori
1305 521 1344 549 2.
1359 507 1470 565 ‘Julii
1488 511 1612 559 1614.
1630 507 1784 566 §.Qin
1800 507 1972 560 'Testibus
1991 521 2125 549 coram

1181 571 1278 609 ΚΡ.
1289 570 1338 607 D.
1353 582 1433 608 meo
1453 567 1651 621 Crispo,ac
1670 568 1739 608 ubi
1757 580 1954 622 ageretur
1972 568 2025 609 de
2042 568 2124 609 Ec-

1179 625 1302 669 clefia
1318 628 1551 670 parochiali
1567 656 1580 676 ,
1599 628 1716 679 cujus
1733 627 2124 678 adjudicationem

1182 702 1308 745 quam
1338 689 1464 730 citius
1505 687 1810 730 terminandam
1842 685 1923 730 else
1946 698 2121 730 monent

1181 748 1235 790 ad
1250 747 1506 805 propositum
1525 749 1692 791 adducti
1702 760 1773 801 per
1789 752 1942 790 R.P.D.
1958 762 2124 789 meum-2

1181 810 1398 862 Ansatdum
1412 809 1451 848 in
1466 810 1732 851 Mediolanen.
1750 809 1933 863 Beneficii
1951 822 1986 849 1.
2009 810 2126 862 Apri-

1180 868 1230 909 lis
1253 881 1378 920 1707.
1392 874 1430 917 §.
1449 870 1639 923 Praecipue‘
1651 897 1664 918 ‚
1690 869 1741 912 &⁴
1754 870 1843 923 fuit
1859 870 2011 911 dmum
2041 869 2124 911 im.-

1174 931 1311 983 prima
1326 930 1509 982 decisione
1526 930 1641 980 hujus
1656 930 1776 983 causa
1790 944 1869 972 cor.
1884 944 1946 972 me
1964 934 2009 978 §-
2024 935 2123 973 Con-

1181 1002 1366 1031 currente
1374 990 1592 1044 prasertim
1609 1018 1621 1030 .

1240 1051 1294 1093 Et
1312 1052 1370 1092 ita
1387 1063 1564 1108 utraque
1581 1055 1660 1093 &c-

1297 1155 1508 1199 R.P.D.
1570 1155 1944 1200 CRISPO.

1398 1242 1617 1283 Bituntina
1630 1239 1857 1284 Beneficii.

1327 1320 1491 1362 Veneris
1516 1335 1532 1361 1
1543 1334 1582 1373 3.
1605 1321 1757 1363 Martii
1783 1334 1798 1361 1
1810 1334 1832 1371 7
1845 1333 1860 1361 1
1871 1325 1912 1362 6.

1121 1414 1178 1524 I
1195 1405 1238 1449 N
1255 1402 1494 1450 parochiali
1522 1408 1702 1452 Ecclesia
1722 1411 1762 1451 S.
1780 1410 1924 1453 Leucii
1943 1409 2123 1453 Bitunti-

1212 1479 1269 1508 nae
1288 1467 1491 1510 Civitatis
1521 1468 1573 1510 de
1590 1483 1703 1512 anno
1731 1475 1859 1522 1642.
1888 1470 2022 1511 tribus
2053 1484 2125 1512 va-

1178 1527 1376 1570 cantibus
1420 1527 1643 1571 Beneficiis
1683 1531 1736 1572 de
1767 1532 2124 1586 Jurepatronatus

1180 1587 1485 1640 Laicorumfiab
1496 1588 1612 1630 titulo
1627 1593 1666 1630 S.
1685 1591 1830 1631 Mariae
1850 1591 2003 1650 Joanni
2020 1597 2126 1632 Pan-

1175 1661 1270 1695 -zaea,
1305 1652 1345 1690 S.
1363 1649 1510 1691 Mariae
1538 1650 1642 1691 della
1676 1651 1820 1698 Scala,
1858 1666 1905 1691 ac
1921 1653 1959 1693 S.
1982 1650 2124 1692 Maria

1184 1709 1288 1750 delta
1303 1712 1452 1753 Bianca
1469 1739 1483 1759 ,
1497 1711 1691 1766 Joannes
1712 1711 1838 1767 Sylos
1859 1712 2007 1753 unicus
2027 1712 2127 1753 illo-

1184 1782 1276 1811 rum
1304 1771 1509 1812 Patronus
1540 1771 1645 1814 duas
1683 1771 1891 1814 distinctas
1927 1769 2128 1827 personas

1185 1842 1278 1871 cum
1295 1827 1550 1887 subsequuta
1575 1832 1703 1874 etiam
1730 1832 1945 1876 ordinarii
1964 1833 2128 1875 institu-

1171 1891 1301 1932 tione
1316 1891 1373 1931 -ad
1392 1891 1463 1932 illa
1481 1889 1745 1946 praesentavit
1761 1909 1772 1937 ς
1787 1893 1897 1936 Cum
1914 1903 2055 1935 autem
2073 1893 2128 1935 de

1184 1962 1296 1993 anno
1333 1954 1459 1999 1647.
1489 1952 1638 1993 iterum
1664 1952 1841 2008 primum
1869 1951 2127 2002 Beneficium

1183 2008 1387 2058 vacasset,
1413 2023 1461 2053 ac
1488 2011 1568 2053 alia
1597 2012 1684 2053 duo
1707 2013 1762 2053 de
1792 2025 1904 2054 anno
1929 2017 2056 2063 1651.
2083 2014 2128 2057 in

1184 2067 1371 2127 utrisque
1392 2072 1686 2113 vacationibus
1704 2071 1818 2113 idem
1840 2073 2024 2125 Ioannes
2045 2073 2126 2129 sy·-

1180 2129 1251 2172 los
1265 2129 1510 2185 praesenta're
1527 2132 1819 2180 continuavit,
1836 2136 1874 2175 &
1893 2130 2126 2190 subsequu-

1182 2202 1269 2232 tum
1297 2188 1489 2233 effectum
1514 2192 1839 2247 approbationis
1880 2194 2127 2243 Ordinarii,

1185 2251 1498 2292 nominationes
1512 2252 1712 2307 praediecae
1729 2254 2022 2296 obtinuerunt:
2036 2255 2128 2296 Me·-

1185 2312 1340 2353 morati
1350 2311 1533 2366 Joannis
1549 2313 1671 2354 obitu
1689 2312 1955 2368 postmodum
1973 2312 2128 2372 sequu-

1186 2383 1234 2414 to
1249 2399 1262 2419 ,
1287 2374 1327 2413 &
1345 2370 1552 2413 dictorum
1570 2372 1696 2414 trium
1713 2372 2023 2416 Beneficiorum
2044 2376 2128 2417 ite-

1188 2445 1279 2475 rata
1305 2433 1528 2473 vacatione
1545 2432 1598 2474 de
1617 2446 1729 2475 anno
1753 2439 1880 2483 ¹671·
1904 2435 2125 2477 obventa.

1186 2488 1426 2535 Franciscus
1442 2493 1569 2547 Sylos
1593 2493 1636 2532 in
1653 2491 1830 2548 persona
1861 2494 2025 2535 Clerici
2043 2496 2126 2536 Ni-

1187 2553 1299 2594 colai
1328 2551 1472 2606 ,Sylos
1506 2552 1844 2594 nominationem
1873 2555 2065 2609 explevit
2109 2583 2126 2604 ,

1188 2613 1262 2669 qui
1281 2610 1443 2654 solitam
1477 2611 1783 2653 institutionem
1811 2613 1864 2655 ab
1890 2615 2122 2658 Ordinatio

1185 2671 1258 2715 sub
1273 2671 1474 2728 explicita
1507 2672 1798 2715 declaratione
1826 2672 1906 2715 fuit
1935 2672 2128 2733 assequu-

1187 2745 1254 2774 tus
1275 2761 1288 2781 ,
1321 2732 1440 2789 quod
1456 2732 1590 2773 distas
1619 2730 1859 2775 Franciscus
1879 2736 2027 2777 unicus
2047 2737 2125 2779 Pa-

1186 2805 1335 2835 tronus
1351 2792 1544 2834 existeret
1560 2820 1572 2831 .
1605 2791 1818 2836 Defuncto
1841 2794 1944 2838 vero
1974 2795 2027 2837 de
2043 2809 2120 2838 an-

1187 2868 1242 2896 no
1274 2866 1399 2903 1711.
1431 2852 1620 2894 Nicolao
1637 2852 1838 2908 proviso,
1868 2868 1920 2896 ex
1950 2868 2004 2898 eo
2023 2856 2124 2913 quia

1185 2911 1423 2956 Franciscus
1437 2941 1450 2960 ,
1463 2913 1596 2970 quiin
1613 2914 1886 2956 antecedenti
1901 2915 2001 2956 statu
2019 2930 2125 2971 prae-

1185 2971 1442 3020 sentaverat,
1462 2971 1735 3015 universalem
1750 2974 2029 3017 donationem
2047 2976 2124 3018 bo·

1188 3048 1353 3087 norum,
1370 3047 1414 3074 ac
1430 3031 1924 3089 ipfiusJurispatronatus
1942 3049 2018 3089 pro
2030 3037 2125 3079 Cae-

1187 3091 1275 3136 sare
1292 3093 1382 3135 filio
1395 3105 1659 3141 exaraverat,
1675 3092 1816 3136 Caesar
1832 3093 2032 3149 praefatus
2051 3110 2124 3151 pa-

1188 3155 1266 3196 tris
1301 3155 1559 3196 Donatarius
1590 3151 1758 3195 effeetus
1790 3152 1921 3210 ipsum
1956 3155 2122 3198 Franci-

1187 3212 1298 3255 scum
1323 3214 1568 3255 Donantem
1594 3215 1854 3260 nominavit;
1890 3215 1923 3256 E
1948 3228 2122 3259 contra..-

1187 3276 1289 3317 vero
1302 3271 1614 3331 insurgentibus
1628 3274 1865 3318 Theodoro
1879 3303 1894 3324 ‚
1922 3276 2119 3333 Alphon-

1183 3333 1228 3377 so
1243 3363 1256 3383 ‚
1291 3338 1331 3377 ὅτ,
1348 3334 1485 3377 altero
1503 3332 1663 3376 Caesare
1681 3333 1945 3390 filiisJacobi
1962 3337 2089 3393 Sylos
2106 3365 2121 3386 ,

1185 3396 1248 3440 isti
1267 3396 1541 3436 Dominicum
1567 3395 1693 3451 Sylos
1714 3392 2011 3452 praesentarunt
2029 3425 2043 3444 ,
2070 3399 2112 3439 in

1185 3471 1275 3513 quo
1305 3453 1672 3511 praesentationum
1697 3458 1892 3498 conflictu
1923 3458 1964 3498 in
1983 3458 2117 3499 Curia

1178 3515 1420 3576 Episcopali
1437 3517 1555 3575 gravi
1566 3515 1975 3565 ottacontrovetfia‚
1991 3516 2120 3583 Ordi-

1978 3587 2119 3619 narius
