2456 3802
379 209 479 272 De
493 208 705 297 Jurep.
729 208 1114 277 Par-ILCan.
1138 168 1843 293 XXV11.CafiXXV111.

122 319 300 369 census,
329 318 501 361 videtur
525 322 823 370 annuendum;
849 325 962 380 Qia
978 339 1087 368 onus

123 381 318 438 erigendi
343 381 475 423 dietas
494 380 798 437 Cappellanias
830 384 910 426 fuit
928 389 1085 429 taxati-

125 442 179 484 νὲ
205 440 445 497 impositum
475 439 597 498 super
627 442 865 485 redditibus
900 446 1055 489 domus
1071 476 1086 497 ‚

128 514 222 543 nam
239 503 432 544 Testator
448 500 523 544 sub
550 503 675 544 unica
687 531 700 552 ,
733 505 969 563 eademque
987 521 1085 549 ora·

128 564 250 605 tione
267 562 515 621 significavit
531 562 636 620 quid
653 592 666 612 ‚
698 567 739 607 &
758 566 869 606 unde
887 567 994 624 erigi
1012 569 1087 610 de·-

120 624 251 666 ·beret
267 626 330 666 ibi
344 647 388 658 --
406 625 569 666 Intendo
583 652 597 672 ,
613 637 632 663 e
648 624 797 681 voglio,
813 627 918 666 cheli
931 627 1086 685 Signort'

130 685 320 726 Canonici
332 684 504 727 debbano
531 684 729 737 instituire
749 697 915 742 quattro
929 690 1091 744 Cappel-

132 744 241 785 lanie
260 773 274 795 ,
300 762 320 788 e
335 747 462 803 quelle
490 746 589 787 dare
614 743 642 785 a?
657 757 826 802 quattro
851 750 1057 791 Sacerdoti
1068 750 1100 809 ιὶΔ

127 805 203 860 pit>
218 833 231 853 ‚
243 807 264 848 ὂ
277 820 386 848 meno
402 836 416 857 ,
434 806 704 861 J‘econdosard
724 807 931 851 l'Entrata
946 839 960 859 ‚
985 825 1004 851 e
1013 823 1093 866 pa-

132 866 231 906 reni
246 867 329 909 alla
346 869 427 910 loro
433 868 648 923 prudenza
662 892 701 903 --
715 868 833 921 juxta
859 870 1092 915 distinetio-

132 939 227 969 nem
244 929 356 971 inter
374 942 514 979 unam,
529 931 570 971 &
584 928 799 985 duplicem
816 933 1056 974 orationem
1074 961 1093 983 ,

133 988 187 1030 de
205 1003 288 1047 qua
304 989 423 1030 Bald.
438 991 537 1043 conſs
559 1002 659 1040 151.
674 1005 778 1033 num.
800 1005 838 1032 1.
853 992 926 1034 tib.
942 1004 980 1043 ς.
998 998 1093 1036 Rot.

131 1048 246 1103 decis.
262 1052 365 1102 488.
381 1064 487 1092 num.
509 1050 615 1101 7.&
632 1051 747 1105 decis·
766 1065 785 1103 5
797 1066 867 1105 30.
896 1067 1003 1095 num.
1025 1059 1092 1095 16.

2016 256 2159 323 *575

1211 342 1318 372 onus
1338 328 1459 389 super
1473 347 1521 376 ea
1537 336 1776 392 impofitum
1805 342 1968 387 valeret
1985 349 2167 404 amplius

1209 388 1420 435 subsistere
1450 395 1503 436 ad
1519 396 1641 439 Text.
1657 398 1699 441 in
1722 401 1750 442 l.
1766 403 1930 457 quidam
1950 406 2104 458 testam.
2120 409 2162 451 in

1199 452 1368 506 princip.
1368 454 1421 511 ff
1438 455 1617 512 delegat.
1627 472 1660 499 ι.
1677 459 1794 502 Torr.
1810 479 1905 505 var.
1919 467 2047 522 quaest.
2059 481 2159 511 t001.

1206 512 1257 552 de
1271 517 1411 569 Legat.
1426 515 1496 556 tit.
1509 528 1551 567 4.
1562 517 1692 571 quaest.
1706 533 1744 562 2.
1755 536 1860 564 num.
1885 538 1952 574 19.
1967 532 2074 570 Rota
2085 531 2156 571 de-

1208 570 1273 625 cg'fi
1285 578 1543 626 manum-9.
1559 576 1609 619 ὼ
1633 591 1803 635 Impar·
1825 596 1889 634 14.
1905 599 2032 629 recen.

1269 634 1372 676 Non
1386 635 1520 680 obstat
1540 665 1555 685 ,
1585 640 1702 695 quod
1719 642 2161 697 Capitulumadiverit

1211 694 1503 738 haereditatem
1521 697 1626 740 Tit-ii
1644 698 1726 742 fine
1744 702 1957 748 beneficio
1973 707 2103 762 legis,
2122 714 2163 751 &

1210 756 1442 798 Inventatii
1459 786 1472 807 ,
1503 762 1544 801 &
1578 759 1890 819 consequenter
1920 776 2091 810 tenetur
2108 768 2164 809 de

1213 818 1391 872 proprio
1404 816 1651 874 persolvere
1667 823 1776 865 dieta
1791 837 1921 868 onera
1934 826 2167 884 Cappella-

1213 877 1374 919 uiarum
1388 906 1401 927 ,
1427 880 1528 936 quia
1539 880 1623 924 hoc
1637 885 1836 938 procedit
1854 886 1909 928 de
1920 887 2166 932 Creditori-

1211 937 1291 979 bus
1325 938 1603 983 haereditariis
1637 943 1695 985 ob
1721 943 1882 996 causam
1896 965 1897 968 ¹
1911 947 2132 992 onerosam
2148 976 2163 997 ‚

1213 995 1330 1040 secus
1373 999 1426 1042 de
1459 1001 1677 1059 legatariis
1707 1003 1985 1049 haereditariis*
2014 1037 2028 1058 ,
2059 1021 2162 1051 tunc

1214 1058 1326 1100 euim
1343 1059 1529 1103 Ecclefia
1541 1090 1557 1111 ,
1570 1076 1640 1105 aut
1658 1064 1764 1106 alius
1776 1065 1897 1108 locus
1916 1068 2013 1110 Pius
2029 1068 2162 1111 haeres

1215 1119 1277 1160 ob
1307 1121 1611 1166 ommiffionem
1633 1124 1862 1176 inventarii
1893 1141 1979 1170 non
1994 1140 2163 1170 tenetur

1184 1182 1186 1184 '
1211 1179 1267 1221 de
1294 1183 1498 1238 proprio,
1524 1187 1564 1226 &
1585 1184 1696 1228 ultra
1724 1187 1848 1228 Vires
1876 1187 2163 1231 haereditarias

1211 1239 1454 1296 persolvere
1483 1245 1668 1300 legatum
1699 1247 1815 1288 Pium
1833 1277 1844 1288 .
1875 1250 1980 1291 Rota
1994 1265 2163 1292 coram-2

1213 1302 1363 1344 Coccin.
1376 1304 1492 1357 decis.
1510 1309 1637 1356 1462.
1648 1321 1753 1348 num.
1776 1320 1843 1358 17.
1858 1307 1908 1351 &⁴
1921 1310 2037 1365 decis}
2057 1325 2113 1363 49
2121 1323 2161 1365 3.

1209 1375 1314 1405 num.
1339 1378 1359 1402 2
1371 1365 1410 1404 8.
1426 1364 1476 1407 (θ’
1491 1378 1711 1421 29.par.4.
1726 1379 1862 1410 tom.2.
1876 1383 1956 1410 rec.

1268 1424 1320 1464 Et
1343 1425 1402 1465 ita
1426 1424 1506 1467 fuit
1525 1424 1754 1470 resolutum
1772 1428 1794 1470 a
1813 1428 1938 1472 Sacra
1966 1431 2163 1487 Congre-

1209 1484 1381 1539 gatione
1400 1499 1440 1535 9.
1459 1486 1618 1542 Aprilis
1641 1499 1691 1540 17
1703 1500 1719 1529 1
1731 1500 1770 1530 2.
1796 1489 1840 1531 in
1852 1502 1935 1532 una
1953 1491 2159 1535 Bononien.

1194 1543 1415 1598 facultatis
1430 1546 1634 1591 alienandi
1647 1576 1660 1589 .

119 1121 216 1163 par.
235 1123 301 1160 19.
328 1122 421 1152 tom.
439 1123 478 1151 2.
510 1112 576 1153 Ac
593 1111 776 1168 proinde
805 1113 924 1155 ficuti
939 1112 1095 1172 specsta-

128 1170 196 1212 bit
211 1171 264 1213 ad
279 1171 581 1228 Cappellanias
607 1174 941 1225 commodum&
957 1189 1093 1232 augu-

129 1244 320 1274 mentum
351 1232 594 1288 pensionum
626 1261 640 1282 ‚
688 1235 808 1292 quod
838 1250 889 1278 ex
904 1235 1091 1279 reaedifi-

127 1293 300 1335 catione
317 1293 718 1350 domusproveniet
733 1323 747 1344 ‚
774 1297 832 1338 ita
847 1310 922 1353 par
938 1299 996 1342 est
1012 1326 1026 1346 ,
1045 1310 1092 1341 ut

128 1350 239 1408 ipsas
259 1365 405 1410 tangat
420 1355 547 1397 etiam
566 1355 823 1407 damnum&
843 1358 1090 1410 diminutio,

127 1414 247 1470 quod
265 1414 321 1456 est
342 1415 452 1457 adeo
472 1415 635 1465 verum,
651 1428 697 1458 ut
712 1415 740 1459 fi
754 1418 906 1461 domus
925 1419 982 1460 ob
997 1419 1087 1471 ejus

127 1474 377 1516 vetustatem
405 1474 718 1520 coliabesccret
733 1508 747 1529 ‚
771 1490 845 1520 aut
871 1479 958 1520 alio
975 1492 1088 1536 quo-

128 1547 312 1593 cumque
335 1536 468 1578 modo
501 1536 725 1592 pensiones
758 1539 910 1580 domus
929 1537 1089 1582 defice-

129 1607 226 1639 rent
245 1595 329 1640 fine
351 1596 477 1652 culpa
490 1596 813 1644 Canonicorum
829 1627 843 1649 ‚
861 1612 940 1642 nec
956 1600 1089 1643 etiam

393 1703 468 1782 C
558 1705 633 1783 A
721 1706 809 1785 N
901 1704 981 1784 O
1074 1711 1162 1789 N
1252 1710 1321 1790 X
1368 1710 1436 1790 X
1481 1713 1556 1793 V
1602 1716 1635 1795 I
1682 1714 1715 1792 Ι
1762 1714 1831 1796 I*

721 1855 775 1924 C
788 1852 849 1923 L
870 1853 931 1922 E
953 1852 1119 1922 ME
1138 1857 1214 1925 N
1220 1860 1268 1925 S
1363 1860 1496 1926 III.

59 1981 417 2148 Nobis
452 1980 614 2052 fuit.
649 1987 732 2051 Et
754 1982 957 2050 infra:
1013 1985 1417 2075 Inquifitioni
1455 2005 1580 2054 tuae
1618 1992 1749 2055 tale
1784 1992 2017 2057 damus
2056 2017 2152 2060 re-

282 2076 589 2170 sponsum
610 2129 626 2157 ,
645 2081 825 2171 quod
847 2079 894 2147 fi
917 2082 1062 2171 quis·
1080 2080 1427 2147 Ecclesiam
1447 2105 1599 2149 curn
1620 2083 1867 2153 afl'ensu
1888 2087 2153 2153 Dioece-

58 2172 193 2239 sani
211 2173 568 2242 construxit
589 2225 604 2252 ,
625 2200 704 2241 ex
725 2197 804 2240 eo
818 2177 1304 2265 Juspatronatus
1325 2178 1600 2268 acquirit
1618 2227 1632 2243 .
1683 2184 2012 2247 Caeterum
2032 2183 2153 2247 in„

57 2270 499 2335 Conventuali
538 2269 815 2337 Ecclesia
849 2292 985 2334 non
1005 2271 1319 2337 Electioni
1355 2272 1604 2338 Praelati
1653 2271 1993 2352 faciendae,
2042 2276 2154 2341 sed

55 2365 189 2452 jam
239 2361 412 2428 fac‘tae
450 2365 783 2431 honestius
819 2366 1080 2430 Patroni
1118 2366 1477 2456 postulatur
1526 2367 1801 2434 assensus
1824 2420 1841 2445 ‚
1891 2367 2006 2434 nifi
2047 2371 2153 2434 ali-

55 2479 154 2525 ter
204 2459 286 2523 de
337 2457 444 2523 sua
491 2459 933 2549 jurisdictione
983 2459 1275 2526 obtineat
1327 2510 1344 2536 ,
1395 2479 1467 2525 ut
1514 2480 1728 2550 partes
1778 2461 1914 2526 suas
1951 2463 2150 2527 inter-

57 2575 303 2646 ponere
355 2553 592 2622 debeat
640 2555 960 2621 Electioni
1009 2554 1400 2628 tra&andae;
1448 2558 1647 2619 Secus
1681 2573 1902 2619 tamen
1951 2556 2041 2621 est
2081 2558 2151 2622 in

59 2649 373 2739 Cappella
395 2697 410 2723 ,
461 2649 529 2716 in
549 2673 677 2740 qua
701 2674 867 2716 unus
887 2649 1226 2737 Presbyter
1247 2652 1283 2714 ὲ
1316 2653 1596 2714 Patrono
1615 2650 1910 2736 eligitur,
1948 2650 2147 2740 &pro

57 2742 464 2810 institutione
483 2745 782 2811 habenda
816 2745 946 2810 loci
984 2742 1305 2835 Episcopo
1337 2743 1751 2835 praesentatur
1779 2791 1793 2803 .
1841 2746 1967 2809 Pro
2004 2743 2150 2809 fun-

58 2838 323 2904 datione
375 2862 638 2931 quoque
690 2836 980 2905 Ecclefiae
1030 2839 1242 2904 honor
1319 2835 1734 2904 Proceffionis
1782 2837 2148 2903 Fundatori

57 2932 346 2998 servatur
386 2982 402 3010 ‚
453 2936 513 3000 81
564 2933 610 3000 fi
641 2934 723 2999 ad
771 2933 1067 3024 inopiam
1102 2950 1324 3021 vergat
1374 2981 1392 3008 ,
1441 2933 1521 2999 ab
1560 2930 1839 2998 Ecclefia
1877 2932 1971 2997 illi
2011 2956 2147 2996 mo-

0 3043 3 3132 *
53 3025 234 3092 deste
286 3023 676 3095 succurritur
712 3076 730 3105 ,
790 3027 951 3095 ficut
1001 3029 1070 3093 in
1121 3029 1327 3095 Sacris
1378 3026 1763 3093 Canonibus
1811 3026 1901 3091 est
1963 3025 2140 3091 insti-

0 3133 2 3181 ὲ
57 3139 277 3188 tutum
302 3170 316 3185 .

0 3183 3 3247 '
338 3210 1866 3344 COMMENTARIUMV

173 3399 211 3439 X
227 3397 310 3442 hoc
326 3401 507 3443 Canone
525 3425 540 3447 ,
563 3397 697 3456 quiin
717 3395 1020 3439 Decretalibus
1047 3396 1204 3454 legitur
1241 3397 1285 3440 in
1308 3397 1459 3441 ordine
1476 3395 1509 3439 il
1545 3407 1616 3446 25.
1633 3393 1862 3455 sequentes
1874 3395 2142 3440 deducuntur

191 3459 483 3502 conclusiones
498 3488 510 3499 .

60 3521 200 3562 Prima
214 3545 256 3553 --
272 3520 338 3562 An
365 3538 440 3562 noc
455 3549 469 3569 ‚
485 3537 532 3563 υτ
547 3535 800 3575 achmnua
821 3518 1141 3575 Jusrnmomrus
1152 3548 1166 3569 ‚
1185 3536 1235 3564 tx
1250 3533 1567 3564 consrnucrxomz
1578 3545 1592 3568 2
1604 3533 1834 3566 norm-mue,
1847 3533 1919 3558 Λυτ
1934 3526 2141 3556 tuumne-

120 3595 169 3622 κε
184 3580 388 3623 Ecczzsmz
401 3609 415 3630 ,
430 3593 665 3635 anssn-rut„
685 3596 897 3625 consensus
914 3581 1090 3626 Emcom
1102 3608 1114 3620 .
1940 3570 2138 3615 Secunda
