2502 3848
377 183 515 263 246

384 294 567 354 proinde
582 288 846 348 praesentatio
866 284 991 334 Fisci,
1004 289 1043 327 δι
1057 299 1142 327 non
1158 286 1262 327 Titii
1277 281 1333 326 est

391 352 655 399 sustinenda.

337 420 365 463 8
455 416 551 456 Nec
571 411 736 454 obstant
753 407 1026 450 auctoritates
1045 405 1230 462 Gloffae-in
1240 407 1334 450 Cle..

334 471 336 474 ’
393 485 515 518 ment.
532 469 748 526 Pastoralis
774 470 815 509 in
832 467 947 508 veru
967 465 1158 517 ’subjetiiae
1174 467 1221 506 de
1237 466 1335 519 ·sen..

392 544 524 582 tent„
541 531 590 575 ὠ
605 532 651 572 de
667 545 707 572 re
716 528 840 580 judic.
858 554 871 575 ‚
888 526 1152 583 aliorumque
1171 528 1334 569 Dotio-

394 609 484 639 rum
505 590 691 649 superius
719 592 762 630 in
779 586 1036 629 contrarium
1055 588 1202 634 allah,
1234 589 1335 644 quia

394 654 592 712 loquitur
605 651 659 693 de
670 647 971 692 confiscatione
986 645 1334 703 jurispatronatus

394 714 536 759 facta
520 728 543 755 a
557 711 706 767 Iudice
725 710 777 750 de
791 722 864 765 per
882 704 952 755 se,
966 706 1033 748 vel
1049 721 1142 749 cum
1164 708 1333 750 univer·
1382 733 1387 736 ⁴

395 774 424 817 s
429 786 513 816 tate
527 773 769 817 bonorum,
770 792 773 796 ,
802 767 909 808 illud
927 768 1233 822 exprimendo,
1264 764 1334 810 vel

397 835 454 876 de
474 827 774 875 confiscatione
791 828 977 870 omnium
989 828 1198 869 bonorum
1211 855 1225 876 ‚
1243 830 1337 885 qui·
1345 858 1347 861 -

396 895 476 937 bus
502 906 587 935 non
616 900 816 946 appareat
843 900 1047 929 annexum
1076 885 1337 943 juspatrona-

392 964 467 996 tus
481 980 496 1002 ,
521 950 676 1019 quibus
693 948 770 992 cas
774 949 851 990 bus
878 944 1189 1002 juspatronatus
1204 949 1334 991 titulo

394 1009 655 1065 hujusmodi
665 1006 978 1052 confiscationis
996 1019 1081 1048 non
1113 1007 1235 1049 trans
1239 1020 1256 1050 t
1283 1009 1338 1051 ad

393 1071 582 1116 Piscuim
612 1071 720 1112 Non
739 1068 841 1110 vero
866 1067 920 1108 de
951 1063 1336 1122 confiscationejut

394 1131 479 1188 risp
482 1140 700 1174 attonatus
730 1128 836 1170 fasta
865 1140 889 1167 a
908 1127 1062 1181 Judice
1083 1128 1211 1172 Laico
1243 1140 1337 1174 cum

395 1188 662 1235 universitate
691 1189 933 1234 bonorum,
970 1184 1127 1243 absque
1158 1188 1243 1230 ulla
1271 1203 1342 1231 ex

396 1251 600 1309 pressione
613 1243 1155 1302 ejusdemjurispatronatus
1172 1276 1185 1297 ,
1203 1260 1249 1290 ut
1265 1250 1340 1291 ad-

395 1311 528 1355 vertit
573 1308 703 1353 Abb.
687 1322 730 1349 m
750 1307 878 1350 eodem
901 1319 984 1360 cap.
1001 1317 1150 1362 quanto
1169 1338 1180 1351 .

507 1391 1166 1461 ARGUMENTUM.

335 1501 949 1569 TranslatoJurepatronatus
981 1500 1178 1549 Ecclefiae
1195 1503 1339 1549 Paro-

409 1574 562 1622 'chialis
596 1567 682 1621 una
700 1590 801 1637 cum
821 1570 1096 1633 universitate
1116 1572 1338 1631 bonorum

409 1657 557 1708 empta
573 1641 597 1691 ὲ
611 1642 905 1707 Regularibus
923 1641 977 1689 ad
997 1659 1152 1690 eorum
1171 1643 1336 1689 Mona-

404 1713 583 1761 sterium
607 1711 795 1760 vifitatio
826 1711 1018 1776 ejusdem
1054 1711 1252 1760 Ecclefiae
1282 1713 1337 1761 ad

407 1799 543 1849 quem
561 1781 721 1847 speeiet
737 1781 791 1828 ad
807 1782 1032 1831 Abbatem
1055 1815 1070 1840 ,
1102 1783 1173 1830 vel
1190 1782 1336 1847 potius

407 1851 462 1899 ad
479 1851 778 1917 Episcopum,
806 1860 851 1901 δε
873 1869 927 1899 an
944 1850 1184 1917 Episcopus
1203 1852 1338 1917 poffit

405 1920 577 1979 ¹*vilitate
593 1920 819 1987 Hospitale
841 1935 1064 1970 annexum
1092 1922 1234 1971 eidem
1253 1926 1337 1972 Ec-

407 1990 539 2039 clefiae
554 1991 571 2040 ἓ

531 2084 1145 2143 SUMMAR1UM.

373 2216 394 2247 1
426 2205 568 2246 Omnia
595 2206 836 2259 Monasteria
863 2206 911 2246 de
922 2207 1013 2258 jure
1037 2203 1336 2256 communisunt

446 2265 630 2318 subJ‘eHa
639 2265 907 2318 jurisdil‘lioni
926 2264 1093 2319 Episcopi
1106 2294 1117 2304 .

368 2337 398 2379 *2
431 2324 589 2380 Divifio
619 2327 911 2380 Episcopatuum
934 2324 1121 2381 originem
1148 2323 1286 2365 habuit
1311 2325 1338 2366 a

466 2386 580 2428 Divo
595 2390 732 2435 Petro,
742 2401 814 2427 non
830 2386 926 2428 vero
940 2384 966 2425 ιὶ
976 2385 1149 2442 Dionysio
1164 2388 1272 2439 Papa
1286 2415 1298 2427 .

374 2455 400 2497 3
433 2445 677 2495 Monasteria
690 2445 1044 2503 Regulariumsunt
1067 2446 1112 2486 de
1130 2448 1223 2498 jure
1238 2460 1338 2487 com-

419 2520 423 2539 :
454 2505 565 2547 muni
588 2518 772 2560 exempta
819 2506 846 2547 a
872 2510 969 2560 Lege
994 2505 1220 2558 Dioecesana
1246 2533 1261 2554 ,
1290 2521 1338 2547 ac

459 2566 583 2608 etiam
610 2566 638 2606 a*
666 2566 748 2623 lege
758 2565 1069 2620 jurisdiHionali
1082 2565 1252 2619 Episcopi
1273 2565 1340 2608 vi-

452 2641 527 2683 gor
534 2640 554 2666 e
559 2625 868 2679 particularium
884 2626 1195 2682 Privilegiorum
1209 2654 1221 2666 .

369 2690 402 2738 '4
431 2687 514 2745 ‘Jus
528 2687 745 2740 Episcopale
761 2686 802 2726 in
811 2701 889 2741 quo
903 2686 1079 2740 consistat
1094 2714 1106 2726 .

371 2757 392 2795 5
434 2745 607 2797 Potestas-
621 2746 793 2801 Epist-opi
807 2746 979 2800 confifiit
993 2746 1035 2787 in
1045 2745 1190 2800 duplici
1203 2746 1286 2802 lege
1299 2774 1311 2785 .

375 2809 403 2845 6
434 2806 728 2848 Enumerantur
743 2822 789 2847 ea
812 2804 1000 2864 quaesunt
1019 2806 1067 2847 de
1080 2810 1177 2862 Lege
1191 2808 1342 2848 Diaece-

442 2866 580 2917 sana.

370 2935 398 2976 7
430 2925 675 2979 Referuntur
707 2940 754 2968 ea
779 2939 862 2983 quae
876 2927 976 2980 sunt
993 2926 1041 2968 de
1067 2926 1149 2983 lege
1179 2925 1346 2979 jurisdi-

459 2985 628 3027 l‘lionali
643 2986 841 3042 Episcopi.

375 3044 402 3085 8
435 3048 503 3086 Ex
518 3046 734 3100 receptione
767 3045 1001 3105 Monasterii
1016 3047 1092 3100 sub
1115 3046 1345 3089 immediata

460 3107 501 3146 S.
517 3105 627 3146 Sedis
637 3103 880 3160 protee‘iione
892 3120 945 3148 an
959 3121 1073 3164 argui
1069 3107 1177 3164 poff
1156 3118 1190 3149 t
1205 3109 1345 3149 exem-

453 3162 538 3217 ptio
547 3165 648 3223 paff
645 3181 702 3207 va
713 3165 880 3235 ejusdem
899 3166 1135 3218 Monasterii
1150 3169 1170 3210 ἒ

372 3234 400 3273 9
432 3222 570 3278 Vigore
595 3225 859 3279 exemptionis
885 3227 1157 3279 Moncsterii‚
1185 3225 1236 3269 &⁶
1260 3226 1345 3278 ejus

460 3283 716 3338 Ecelesiarum
736 3286 860 3342 ceffat
870 3286 911 3326 in
924 3287 1098 3341 Episcopo
1109 3286 1345 3329 exercitium

453 3342 742 3442 jurisbdic'iionis
759 3372 774 3392 ,
810 3358 893 3400 qua
908 3356 1029 3388 antea
1045 3347 1081 3388 ei
1095 3346 1136 3388 in
1150 3346 1231 3387 illis
1241 3361 1345 3387 com-

453 3411 547 3455 pete
573 3412 643 3442 at.

342 3463 368 3517 [³
377 3476 404 3505 ο
434 3461 569 3507 Dillio
585 3461 724 3529 omnis
739 3461 792 3515 est
805 3463 1063 3518 universalis,
1076 3465 1125 3510 (θ’
1136 3475 1231 3520 apta
1243 3479 1343 3508 com-

722 176 727 182 ’
770 171 1264 241 commentaria
1287 161 1370 235 ad
1396 168 1679 261 fingulos
1715 177 2017 239 Canones

1491 311 1493 313 .
1505 286 1746 338 prehendere
1757 295 1841 325 tam
1856 283 2066 337 prasentia
2076 311 2089 332 ,
2108 283 2400 338 quamfaturau

1401 355 1417 382 1
1433 356 1451 383 1
1486 344 1700 386 Translato
1720 345 2056 396 jurepatronatus
2086 345 2256 400 Ecclesia
2273 351 2396 388 Paro-

1514 404 1653 445 cbialis
1671 418 1748 444 una
1764 418 1848 444 cum
1869 403 2133 456 universitate
2146 404 2329 447 bonorum
2343 408 2400 448 ad

1515 463 1801 514 Monasterium
1819 475 2045 517 exemptum
2057 463 2183 518 potest
2197 465 2398 521 Episcopus-

1516 522 1628 565 illam
1644 524 1814 579 visitare
1822 524 1916 574 jure
1931 524 2144 566 Ordinario
2158 553 2172 574 ‚
2189 527 2340 583 amplia
2353 538 2400 569 ut

1515 596 1628 625 num.
1652 597 1668 622 1
1681 597 1720 624 2.

1401 654 1452 696 13
1467 669 1469 671 -
1486 642 1652 697 Ecclesia
1667 644 1896 685 Patronalis
1917 645 2125 697 transsata
2138 645 2195 686 ad
2207 645 2400 698 Monaste
2446 670 2456 691 r

1465 730 1472 734 -
1518 703 1623 746 rium
1652 716 1877 758 exemptum
1905 718 1989 746 cum
2017 705 2196 758 univers
2190 716 2274 747 tate
2287 707 2400 748 bono-

1516 778 1606 806 rum
1619 778 1693 804 non
1714 765 2065 818 ffcitursubjeiia
2084 766 2227 807 Abbati
2239 793 2252 814 ,
2271 768 2403 821 quoad

1513 820 1792 880 visitationem
1807 853 1821 874 ,
1822 825 1900 878 sed
1899 825 2034 878 solum
2047 825 2179 881 quoad
2183 826 2401 880 prasenta-

1516 884 1683 924 tionem.

1408 957 1425 985 1
1434 955 1462 995 4
1491 944 1670 997 Simplex
1678 945 1952 998 praefintatio,
1978 956 2051 988 aut
2066 945 2218 987 collatio
2232 920 2402 1002 Ecclefia

1514 1015 1590 1059 per
1606 1004 1796 1047 abbatem
1805 1006 1998 1060 facienda
2025 1021 2100 1048 non
2129 1006 2279 1048 inducit
2294 1006 2402 1060 ejus:

1518 1065 1606 1104 dem
1632 1065 1799 1120 Ecclesia
1827 1064 2141 1120 exemptionem.
2174 1071 2253 1108 Nec
2268 1066 2400 1120 quali-

1465 1156 1470 1159 .
1518 1134 1584 1165 tas
1599 1125 1832 1165 Fundatoris
1845 1127 1918 1166 dat
1932 1125 2176 1179 facultatem
2202 1125 2394 1182 visitandi

1519 1185 1725 1238 Ecclesiam
1739 1186 2016 1227 Patronalem.
2396 1214 2400 1220 -

1407 1256 1455 1296 15
1492 1248 1683 1297 Exempto
1699 1245 1951 1298 Monasterio,
1966 1261 2039 1286 non
2049 1257 2122 1299 per
2132 1245 2200 1286 hoc
2213 1245 2397 1288 dicuntur
2440 1262 2452 1298 ζ

1525 1305 1701 1360 exempti
1712 1307 1891 1360 Populus,
1907 1305 1957 1350 ὠ
1969 1307 2106 1347 Clerus
2120 1306 2335 1356 secularis,
2350 1305 2400 1350 ὰ

1521 1366 1719 1406 Parochus
1735 1393 1746 1405 .

1323 1455 1325 1457 -
1407 1440 1425 1468 1
1435 1430 1460 1468 6
1492 1425 1756 1481 Privilegium
1773 1441 1827 1467 ex
1834 1426 2036 1480 emptionis
2052 1426 2208 1481 loquens
2220 1427 2269 1467 de
2279 1425 2404 1468 omni-

1521 1486 1592 1527 bus
1607 1485 1783 1541 Ecclesiis
1805 1487 2103 1539 dependentibus
2114 1486 2142 1527 a*
2164 1485 2401 1538 Monasterio

1518 1546 1574 1588 ad
1589 1546 1781 1602 hoc2utfit
1798 1558 1934 1600 aptum
1949 1547 2260 1600 comprehendere
2271 1545 2404 1588 Eccle-

1510 1607 1730 1664 sias'etiam
1747 1606 1920 1660 futuras
1937 1634 1951 1655 ‚
1981 1607 2030 1648 (θ’
2049 1607 2095 1646 de
2115 1606 2258 1659 futuro
2271 1607 2403 1648 adve-

1523 1665 1675 1708 nientes
1707 1666 1831 1708 eidem
1870 1666 2110 1720 Monastcrio
2145 1667 2244 1721 quid
2269 1666 2403 1723 requi-

1518 1737 1636 1767 ratur
1650 1728 1669 1767 ἓ

1406 1799 1458 1839 17
1490 1787 1690 1842 Episcopus
1723 1802 1776 1828 an
1792 1814 1805 1835 ‚
1840 1785 1890 1829 ό·
1914 1787 2070 1843 quando
2101 1787 2270 1842 visitare
2290 1786 2403 1844 poffit

1523 1847 1728 1901 Eccless'am
1752 1846 2018 1888 Parochialem
2031 1849 2085 1888 ad
2109 1858 2309 1900 exemptos
2307 1848 2401 1900 spe-

1523 1908 1695 1949 &antem
1705 1907 1802 1957 J'ure
1818 1908 2029 1949 ordinario
2043 1936 2057 1956 ,
2084 1907 2133 1950 cb*
2150 1907 2302 1964 quando
2308 1906 2403 1958 jure

1519 1967 1695 2023 delegato
1715 1968 1732 2007 ἓ
1847 2003 1851 2006 «

1409 2027 1459 2068 18
1493 2027 1695 2082 Episcopus
1706 2025 1830 2080 potest
1847 2027 2013 2080 visitare
2027 2028 2155 2068 omnia
2164 2026 2401 2080 Hospitalia,

1524 2088 1571 2129 ὠ
1587 2087 1670 2127 loca
1686 2086 1758 2127 Pia
1762 2087 1849 2138 suae
1866 2087 2043 2140 Dioecesis
2069 2100 2152 2128 tam
2165 2087 2295 2142 quoad
2304 2099 2403 2129 tem-

1514 2146 1673 2202 poralia
1698 2175 1711 2194 ‚
1743 2146 1864 2200 qudm
1903 2149 2033 2203 quoad
2047 2146 2281 2201 spiritualia
2310 2175 2324 2195 ,
2355 2158 2402 2188 ut

1521 2221 1631 2249 num.
1651 2221 1670 2246 2
1684 2220 1720 2247 1.
1738 2207 1871 2248 limita
1887 2235 1901 2255 ,
1943 2219 1986 2249 ut
2001 2221 2112 2250 num.
2132 2219 2198 2256 19.
2225 2206 2402 2264 amplia,

1519 2278 1566 2308 ut
1581 2280 1717 2308 num-2
1729 2280 1767 2308 2.
1785 2271 1826 2310 δε
1844 2281 1911 2318 23.

1404 2342 1458 2369 20
1490 2326 1714 2381 Hospitalia
1745 2327 1978 2380 simpliciter
2013 2327 2135 2383 Regia
2159 2325 2401 2381 proteHione

1518 2386 1745 2438 existentia,
1749 2386 1823 2441 ms
1824 2389 2012 2439 probetur
2023 2387 2196 2444 legitima
2208 2387 2401 2442 exemptio

1517 2449 1566 2490 ab
1576 2445 1783 2488 ordinarii
1790 2447 2063 2500 jurisdiii‘ione
2087 2447 2401 2544 vist'taripoffunt

1520 2509 1569 2549 ab
1586 2507 1784 2561 Episcopo.

1405 2583 1425 2610 2
1439 2582 1454 2610 1
1490 2568 1698 2622 Episcopus
1726 2567 1889 2624 exigere
1913 2568 2037 2620 potest
2064 2567 2322 2608 redditionem
2337 2582 2403 2609 ra-

1520 2628 1670 2670 tionum
1699 2629 1748 2669 ab
1766 2627 2162 2694 ,administratoribus
2181 2628 2399 2682 Hospitalis

1522 2687 1644 2728 etiam
1668 2687 1780 2729 laicis
1801 2703 1875 2729 non
1878 2687 2038 2740 solum
2023 2701 2064 2727 tn
2095 2687 2188 2728 ai'iu
2203 2687 2405 2742 visitatio-

1522 2748 1583 2789 nis
1599 2775 1613 2796 ,
1635 2747 1712 2800 scd
1723 2747 1843 2789 etiam
1861 2748 2035 2803 quolibet
2045 2763 2147 2789 anno
2163 2775 2177 2796 ,
2194 2747 2243 2791 &⁴
2257 2747 2300 2790 in
2315 2753 2400 2791 Do-

1522 2823 1583 2848 mo
1599 2807 1813 2863 Epifivpali
1827 2837 1838 2848 .
1984 2800 1992 2821 *

1411 2882 1468 2921 24
1499 2867 1702 2922 Episcopus
1717 2867 1756 2909 in
1775 2867 2005 2924 Visttatione
2020 2867 2271 2920 Ecclestarum
2281 2871 2403 2909 Par-o-

1522 2927 1706 2969 chialium
1717 2928 1989 2970 Patronalium
2003 2942 2076 2968 non
2083 2926 2208 2981 potest
2206 2928 2401 2980 separare

1522 2987 1873 3043 Parochianos‚qui
1879 2999 1953 3040 per
1956 2987 2144 3042 familias
2157 2985 2402 3043 distinguun-

1522 3059 1591 3091 tur
1601 3047 1744 3101 absque
1757 3047 1935 3101 consensu
1949 3052 2212 3089 Patronorum
2230 3073 2242 3086 .

1408 3121 1460 3160 25
1495 3107 1696 3163 Episcopus
1725 3107 1893 3163 vist'tare
1909 3121 1983 3148 non
2003 3103 2137 3161 potefi
2151 3106 2401 3160 Ecclesiam...

1522 3167 1777 3210 Patronalem
1787 3181 1861 3207 non
1874 3178 2058 3208 curatam
2075 3165 2288 3221 Religionis
2303 3167 2400 3208 Hie-³

1523 3226 1904 3283 rofhlymitanae‚quae
1910 3226 1991 3279 post
2007 3228 2093 3280 ejus
2106 3225 2399 3279 destruiiionem

1508 3287 1645 3341 fuerit
1672 3287 1719 3328 de
1745 3302 1845 3328 novo
1874 3287 2068 3343 ‘edificata
2093 3285 2122 3327 a*
2139 3285 2314 3341 personis
2327 3300 2399 3327 non

1464 3378 1467 3382 -
1522 3346 1744 3401 exemptis.

1408 3419 1429 3449 2
1439 3411 1464 3448 6
1496 3408 1661 3461 Ecclesia
1685 3405 1881 3456 destructa
1895 3422 1975 3455 an,
2009 3404 2058 3449 (9⁶
2069 3406 2224 3462 quando
2240 3406 2401 3468 amittet

1461 3466 1592 3520 -sua
1599 3466 1824 3523 privilegia
1835 3494 1850 3516 ,
1866 3466 1916 3510 (θ’
1930 3468 2086 3524 quando
2102 3467 2206 3509 non?
2297 3526 2376 3568 CA
