2456 3802
396 258 495 319 De
509 256 718 343 Jurep.
742 252 1120 321 Par.II.Can.
1144 257 1394 324 XXVII.
1415 257 1556 324 Cas]
1575 261 1677 324 XI.

28 373 34 379 '
52 391 72 418 2
83 373 105 412 8
139 369 303 425 ‘Tempus
313 398 327 419 ,
343 384 418 427 quo
432 370 647 413 eanonicus
651 368 742 422 fuit
757 369 894 423 absens
907 369 934 409 d
950 369 1048 411 Cho-

166 447 210 473 ro
220 443 274 473 ex
289 431 439 473 indulto
452 459 467 480 ,
479 445 533 471 an
548 429 766 484 computari
771 429 880 487 poffl't
907 430 965 470 ad
994 430 1050 483 efi-

154 491 313 545 fec‘lum
329 490 527 542 obtinendi
532 489 839 543 jubilationem?

21 556 26 565 ’
54 567 75 595 2
85 568 108 604 9
142 552 345 613 ‘Jubilatio
359 551 579 594 conceditur
589 550 776 592 Canonico
790 577 804 598 ,
818 549 889 605 qui
893 549 1047 603 praesti-

46 613 50 619 ’
169 612 225 655 tit
241 613 408 666 Ecclesiae
431 612 655 654 continuum
669 623 742 663 40.
758 610 1046 663 annorumser-

168 672 319 714 vitium
331 701 346 722 ³
364 677 404 716 δε
420 686 459 713 n.
464 687 534 726 30.

58 748 80 789 3
92 747 108 774 1
145 733 252 777 Anni
265 732 524 786 Coadjutoriae
539 761 552 780 ‚
567 745 620 773 an
634 728 848 786 computari
858 729 991 787 poffi'nt
1005 729 1047 770 in

18 793 21 795 ’
156 802 159 806 '
161 793 339 847 servitio
355 791 674 849 quadragenario
690 792 746 832 ad
755 789 929 848 effi-sium
942 790 1046 832 obti-

170 854 288 894 nendi
299 853 495 895 Indultum
502 851 751 905 jubilationis
765 881 777 892 .

58 927 80 968 3
91 927 110 954 2
145 915 344 956 Indultum
350 912 596 967 jubilationis
596 910 849 969 suffragatur
864 910 947 952 indi
979 911 1044 951 in-

173 975 237 1015 ὅῖἓ
250 1004 265 1024 ,
282 975 412 1031 quoad
426 987 554 1015 omnes
564 971 852 1027 distributiones
868 1001 879 1011 .

56 1049 78 1089 3
87 1048 108 1088 3
144 1036 355 1079 eanonicus
368 1036 414 1090 si
418 1049 490 1075 non
504 1034 671 1089 resideat
688 1061 701 1081 ‚
721 1045 789 1074 nec
798 1031 954 1087 intersit
968 1031 1044 1074 Di-

118 1103 121 1106 '
172 1095 283 1137 vinis
293 1093 451 1148 Officiis,
467 1109 506 1134 eo
517 1091 610 1149 quia
612 1094 669 1147 sit
686 1103 928 1141 carceratus,
941 1106 1044 1134 exu-

172 1157 282 1197 latus
295 1184 308 1204 ‚
335 1153 693 1196 excommunicatus
706 1181 721 1201 ,
751 1163 823 1193 aut
837 1153 1043 1207 suspensus

171 1215 310 1269 injuste
322 1243 334 1264 ‚
364 1226 437 1256 aut
452 1215 631 1255 detentus
651 1226 726 1268 per
740 1212 826 1254 vim
848 1214 896 1254 ab
910 1213 1043 1268 aliquo

172 1290 246 1317 non
273 1275 429 1318 amittit
455 1273 742 1326 distributiones
755 1273 1010 1329 quotidianas
1026 1300 1040 1321 ‚

14 1381 16 1385 Δ
158 1336 237 1388 secl
248 1336 449 1392 intellige,
461 1347 506 1378 ut
517 1334 577 1377 ibi
591 1364 603 1375 .

58 1409 115 1448 34
141 1397 332 1437 Canonico
345 1397 613 1450 impedito‚aut
628 1394 824 1438 violenter
838 1393 866 1435 a*
879 1394 1043 1447 Capitu-

157 1457 194 1497 lo
207 1456 363 1510 expulso
376 1457 399 1497 d
408 1455 616 1515 poſjbffione
629 1455 889 1496 Canonicatus
901 1454 1044 1495 deben-

173 1528 242 1558 tur
261 1516 611 1567 distributionesfflt
625 1517 781 1570 quare?
799 1515 908 1556 Vide
925 1529 964 1557 n.
970 1528 991 1566 3
1001 1526 1040 1565 5.

60 1582 116 1631 36
147 1578 362 1620 eanonicus
375 1577 508 1628 absens
536 1589 590 1616 ex
615 1573 832 1631 Privilegio
850 1603 864 1623 ‚
895 1574 966 1615 vel
970 1587 1043 1627 pro

174 1636 356 1678 evidenti
372 1636 537 1692 Ecclefiae
552 1634 729 1677 utilitate
743 1663 756 1683 ‚
780 1635 851 1675 vel
861 1635 957 1689 quia
970 1635 1045 1675 ad-

161 1701 223 1754 fit
245 1697 436 1753 neceffltas
462 1709 536 1737 non
563 1694 812 1754 intereff’ndi
825 1723 838 1743 ‚
862 1696 1044 1736 lucratur

171 1757 460 1810 distributiones
475 1785 486 1796 .
759 1757 762 1760 ’
818 1783 821 1786 -

17 1822 24 1834 ’
56 1832 109 1871 27
141 1817 354 1861 canonicus
368 1818 499 1870 absens
513 1830 567 1858 ex
583 1816 696 1870 causa
711 1815 970 1858 Terraemotus
983 1815 1047 1856 Iu-

172 1888 309 1918 cratur
323 1877 609 1930 distributiones
623 1907 635 1918 .

15 1924 25 1956 ἱ
56 1940 109 1993 38
144 1939 358 1982 eanonicus
375 1966 388 1983 ,
392 1941 439 1994 si
445 1952 518 1979 non
531 1938 715 1993 resideat,
729 1951 796 1979 nec
806 1936 960 1991 interfit
973 1936 1050 1979 Di-

114 2029 116 2031 .
174 1998 285 2039 vinis
300 1997 503 2052 Officiis‚eo
515 1999 609 2053 quia
625 1998 720 2039 nolit
734 1998 911 2054 refiden,
926 1997 1049 2040 amit-

173 2059 228 2101 tit
246 2058 534 2110 distributiones
545 2058 815 2114 quotidianas,
825 2071 908 2114 quae
921 2073 1052 2099 accre-

159 2119 540 2174 scuntpraesentibus
556 2148 571 2168 ‚
587 2119 636 2162 ὠ·
648 2118 956 2177 intereffintibus
969 2147 979 2158 .

59 2193 113 2234 39
147 2181 360 2222 eanonicus
378 2193 451 2220 non
465 2181 634 2235 reficiens
645 2178 773 2232 primo
788 2191 888 2219 anno
898 2177 1052 2232 priva-

175 2252 244 2282 tur
259 2239 423 2281 dimidia
434 2249 552 2294 parte
554 2238 765 2292 frufluum
775 2239 961 2292 ,secundo
978 2253 1054 2280 an-

174 2316 222 2342 no
237 2299 573 2354 omnibusfruHib
580 2314 625 2340 us
638 2328 651 2348 ‚
679 2300 868 2352 crestente
881 2308 1052 2340 autem-2

176 2354 421 2402 contumacia
429 2358 554 2414 potest
566 2359 648 2416 cogi
663 2360 719 2400 ad
729 2359 970 2415 reficiendum
978 2370 1054 2413 per

173 2421 369 2474 Censuras
383 2449 398 2469 ,
424 2420 497 2460 vel
503 2419 671 2474 privari
681 2418 870 2474 Beneficio
887 2449 898 2460 .
927 2419 1054 2461 Limi-

175 2492 218 2523 ta
234 2508 247 2529 ‚
267 2492 311 2522 ut
330 2493 444 2532 n.40.

57 2554 111 2594 41
148 2542 361 2585 Canonicus
377 2555 451 2581 non
466 2542 634 2596 refidens
665 2541 720 2581 ad
743 2540 808 2580 hoc
829 2551 873 2581 ut
885 2539 1053 2595 privari

169 2601 278 2660 pfft
292 2601 454 2642 dimidia
459 2611 579 2655 parte
586 2601 799 2654 fruHuum
810 2628 823 2648 2
846 2612 916 2642 aut
927 2600 1054 2642 omni-

0 2640 2 2720 ξ
177 2661 454 2715 busfruHibus
464 2689 479 2710 ,
493 2673 565 2703 aut
579 2661 819 2702 canonicatu
835 2688 848 2708 ,
874 2661 975 2714 quid
984 2674 1052 2702 re-

0 2722 2 2805 ,
178 2723 356 2778 quiritur
370 2723 388 2764 ἓ

56 2796 112 2836 42
148 2786 195 2824 In
203 2780 472 2837 personaliter
484 2782 608 2824 citato
625 2795 699 2823 non
711 2779 931 2836 requiritur
940 2780 1054 2823 trina

0 2842 1 2848 ¹
177 2842 336 2885 monitio
350 2874 362 2886 .

0 2930 1 2940 1
56 2917 112 2957 43
144 2902 362 2945 canonicus
390 2904 525 2958 absens
543 2932 556 2954 ‚
574 2906 621 2960 si
638 2900 901 2958 personaliter
934 2902 1055 2946 citari

173 2963 360 3022 nonpoffl't
375 2993 389 3014 ‚
404 2964 504 3019 quid
505 2967 564 3021 sit
574 2964 767 3020 agendum
782 2965 801 3005 ἒ

121 3047 123 3049 ·
331 3027 371 3068 C
401 3027 441 3069 A
470 3025 497 3067 S
528 3025 570 3064 U
599 3024 626 3065 S
686 3026 723 3065 X
754 3025 788 3066 Ι.
869 3035 872 3038 ’

168 3085 271 3127 Itius
287 3082 480 3129 fundavit
492 3085 800 3127 Canonicatum
814 3085 856 3127 in
867 3084 1060 3141 primaeva

180 3146 392 3188 erectione
421 3143 611 3187 Ecclesiae
625 3144 874 3187 Cathedrali
888 3158 981 3186 cum
996 3156 1064 3185 re-

113 3203 352 3248 servatione
368 3202 719 3262 jurispatronatus
735 3204 881 3247 favore
893 3202 1059 3246 suorum

115 3262 460 3308 descendentium
476 3264 660 3321 apposita
673 3265 770 3323 lege
787 3293 800 3313 ‚
811 3276 856 3306 ut
871 3264 1063 3306 Canoni-

117 3337 190 3366 cus
208 3338 399 3368 teneatur
414 3325 611 3375 residere,
628 3328 668 3368 &
684 3322 875 3367 interesse
888 3325 1063 3367 Divinis

116 3384 278 3427 Officiis
303 3387 420 3439 juxta
443 3399 602 3429 morem
621 3413 634 3434 ‚
663 3389 703 3428 &
719 3382 1063 3428 consuetudinem

113 3444 293 3488 aliorum
308 3447 639 3491 Canonicorum..
653 3447 862 3500 Qiaeritur
876 3458 927 3487 an
940 3444 966 3486 si
979 3448 1066 3489 Ca-

114 3507 294 3548 nonicus
319 3521 403 3550 non
421 3507 695 3555 refideat‚nec
715 3505 875 3547 interfit
892 3506 1064 3547 Divinis

101 3563 261 3607 Officiis
274 3567 439 3612 amittat
451 3568 765 3612 distributiones
781 3565 1068 3624 quotidianas.

177 3629 281 3670 Pars
307 3629 361 3669 II.

1121 387 1138 414 1

1117 2677 1138 2717 3

1243 374 1325 416 Pro
1359 374 1477 428 cujus
1500 373 1761 419 resolutione
1789 374 2003 422 sciendum
2033 380 2090 424 est
2107 408 2123 429 ‚

1180 433 1301 490 quod
1327 434 1535 477 Canonici
1562 435 1805 479 Beneficiati
1819 467 1832 486 ‚
1862 452 1931 481 aut
1948 442 2121 484 Portio-

1178 494 1282 534 narii
1297 494 1339 535 in
1351 494 1776 544 Cathedralibus‚aut
1788 498 1999 541 Ecclesiiis
2012 502 2118 543 Col-

1174 551 1346 607 legiatis
1361 553 1594 612 Insignibus
1610 556 1768 598 debent
1783 557 1963 601 residere
1974 588 1987 608 ,
2001 565 2041 603 &
2057 563 2119 604 in-

1178 610 1324 655 teresse
1340 614 1503 656 statutis
1523 615 1640 656 horis
1659 617 1827 658 Divinis
1843 617 1991 662 officiis
2007 648 2020 669 ,
2037 635 2116 663 nec

1173 671 1337 729 possunt
1351 674 1488 716 abesse
1504 676 1527 717 a
1540 674 1761 717 residentia
1775 678 1883 719 ultra
1899 691 1985 721 tres
1999 694 2113 721 men-

1173 729 1237 775 ses
1255 761 1268 781 ‚
1297 735 1405 775 itaut
1424 735 1740 778 distributiones
1758 737 1992 780 debeantur
2012 736 2112 781 solis

1174 793 1527 841 interessentibu35
1540 796 1569 836 ii
1587 796 1704 844 vero,
1721 798 1795 855 qui
1814 811 1899 840 non
1912 799 2111 848 resident,

1174 867 1251 894 nec
1266 853 1469 897 intersunt
1488 856 1595 897 ultra
1610 868 1700 897 tres
1716 855 1875 899 menses
1891 874 1902 904 3
1938 873 2023 901 non
2040 860 2117 902 ob·-

1171 915 1303 957 stante
1319 928 1592 973 quocumque
1624 916 1777 958 statuto
1793 946 1807 966 ,
1836 922 1876 960 ὅ(
1892 918 2116 962 consuetu-

1170 973 1269 1014 dine
1286 976 1421 1030 primo
1447 989 1557 1018 anno
1574 976 1790 1031 priventur
1805 978 1979 1021 dimidia
1995 992 2114 1036 parte

1169 1032 1371 1076 fruetuum
1389 1052 1401 1082 ς
1434 1034 1618 1077 secundo
1635 1049 1746 1078 anno
1759 1038 1952 1080 omnibus
1970 1037 2114 1084 frueti-

1169 1093 1248 1135 bus
1266 1111 1276 1140 ς
1308 1092 1525 1139 crescente
1551 1108 1690 1138 autem
1719 1100 1987 1141 contumacia
2015 1114 2113 1156 pro-

1170 1154 1406 1199 cedendum
1423 1157 1478 1198 est
1495 1156 1547 1197 ad
1564 1157 1847 1212 privationem
1862 1159 1978 1201 tituli
1993 1159 2111 1212 juxta

1170 1212 1485 1271 dispositionem
1501 1216 1674 1259 Concili
1688 1214 2022 1277 Tridentini'seff
2039 1233 2109 1272 ²4·

1169 1275 1218 1315 de
1244 1275 1449 1328 reformat·
1466 1288 1549 1330 cap.
1570 1289 1638 1317 12.
1660 1278 1763 1331 Qae
1791 1280 2033 1321 conciliatis
2050 1281 2118 1322 di-

1167 1331 1338 1389 spositio
1354 1335 1642 1379 conformatur
1657 1334 1920 1392 dispositioni
1936 1341 2057 1383 Text.
2073 1340 2114 1382 in

1171 1406 1253 1447 cap.
1269 1396 1576 1450 consuetudinem
1595 1398 1643 1437 de
1656 1396 1793 1438 cleric.
1809 1413 1881 1440 non
1893 1400 2050 1453 refiden.
2065 1400 2108 1442 in

1171 1455 1336 1508 Ecclesia
1350 1485 1363 1505 ‚
1378 1458 1663 1511 velpraebenda
1681 1456 1721 1496 in
1737 1462 1778 1499 6,
1793 1486 1811 1514 ‚¹
1820 1458 1950 1515 ibique
1962 1460 2111 1502 Gemin.

1172 1514 1221 1557 &¹
1239 1517 1423 1557 Monach.
1440 1531 1542 1559 num.
1558 1522 1599 1559 6.

1232 1575 1456 1619 Sciendum
1472 1578 1529 1619 est
1543 1579 1685 1626 etiam,
1703 1578 1820 1635 quod
1835 1577 1990 1624 fruetus
2006 1581 2114 1622 Prae-

1172 1636 1401 1680 bendarum
1434 1637 1760 1680 Canonicalium
1789 1639 2011 1682 consistunt
2041 1642 2114 1682 im

1174 1696 1341 1741 duobus
1359 1726 1373 1746 ‚
1410 1694 1572 1739 scilicet
1595 1699 1638 1739 in
1667 1712 1846 1753 corpore
1868 1700 1990 1755 ipsius
2009 1701 2117 1742 Prae-

1173 1756 1323 1799 bendae
1335 1786 1350 1805 ,
1380 1769 1426 1798 ut
1457 1757 1631 1814 quando
1659 1758 1842 1815 quilibet
1872 1760 2119 1807 Canonicus

1172 1816 1303 1858 habet
1318 1829 1456 1859 certas
1473 1815 1736 1873 possessiones
1748 1832 1827 1874 pro
1838 1815 1906 1861 sua
1924 1820 2118 1862 Praeben-

1174 1875 1286 1925 da‚&
1301 1878 1343 1938 in
1361 1877 1727 1919 distributionibus
1744 1879 2120 1937 quotidianis‚quae

1175 1937 1326 1979 dantur
1341 1966 1355 1986 2
1371 1938 1442 1979 vel
1457 1938 1499 1978 in
1515 1938 1704 1994 pecuniis
1721 1966 1734 1986 ‚
1749 1939 1820 1980 vel
1836 1940 1878 1981 in
1894 1940 2082 1981 Cibariis
2099 1968 2114 1988 ‚

1174 2010 1277 2053 puta
1291 2011 1414 2054 pane,
1428 2002 1468 2040 &
1484 1998 1584 2039 vino
1601 1997 1717 2050 juxta
1733 1997 1848 2056 Gloffi
1862 2000 1902 2040 in
1913 2000 2018 2041 dieto
2032 2011 2116 2054 cap.

1175 2058 1483 2112 consuetudinem
1514 2058 1628 2100 verb.
1649 2059 1959 2111 consuetudinem
1987 2059 2119 2114 ibique

1174 2119 1327 2160 Gemin.
1343 2132 1448 2158 num.
1472 2130 1508 2159 1.
1528 2122 1567 2165 §.
1582 2117 1805 2159 Statuimus
1836 2120 1932 2161 Abb.
1962 2119 2004 2160 in
2035 2133 2122 2176 cap.

1173 2180 1221 2220 de
1235 2191 1368 2220 caetero
1382 2179 1429 2219 de
1440 2178 1580 2219 Cleric.
1599 2193 1672 2220 non
1683 2179 1848 2234 residen.
1867 2193 1960 2238 quae
1979 2181 2101 2238 quoti
2111 2205 2127 2216 ·-

1173 2239 1304 2283 dianae
1320 2239 1640 2281 distributiones
1658 2239 1912 2282 introductae
1928 2239 2119 2289 fuerunt,

1176 2311 1222 2342 ut
1236 2300 1446 2345 Canonici
1467 2299 1618 2353 melius
1636 2312 1841 2342 vacarent
1858 2302 1975 2342 horis
1994 2302 2124 2343 Divi-

1176 2360 1241 2402 nis
1258 2389 1271 2410 ,
1289 2360 1493 2403 videlicet
1511 2388 1525 2408 ‚
1541 2370 1586 2400 ut
1606 2358 1734 2401 sinon
1753 2369 1895 2402 amore
1915 2362 2028 2408 Dei,
2046 2358 2122 2401 sai-

1175 2420 1260 2463 tem
1277 2420 1512 2477 cupiditate
1528 2420 1718 2475 pecuniae
1736 2417 1979 2462 interessent
1998 2421 2126 2464 Divi-

1175 2481 1238 2523 nis
1256 2478 1437 2524 servitiis
1453 2479 1570 2531 juxta
1589 2477 1870 2535 supradictam
1885 2480 2090 2537 Glffzm.)
2105 2509 2120 2529 ,

1174 2541 1303 2595 ibique
1320 2539 1506 2583 Monach.
1526 2549 1679 2589 num-5.
1698 2539 1864 2596 Qibus
1880 2537 2122 2597 praesuppo-

1176 2601 1263 2642 sitis
1282 2629 1293 2640 .

1202 2657 1456 2717 Respondeo
1469 2659 1522 2701 ad
1537 2659 1805 2718 quaestionem
1818 2660 1973 2703 Primo:
1995 2659 2022 2701 fi
2040 2663 2125 2704 Ca-

1176 2722 1352 2764 nonicus
1373 2733 1458 2763 non
1478 2719 1671 2769 resideat,
1686 2733 1761 2762 nec
1775 2720 1934 2762 intersit
1952 2721 2124 2764 Divinis

1175 2779 1333 2823 Officiis
1347 2779 1464 2833 juxta
1480 2793 1639 2822 morem
1653 2808 1667 2828 ,
1695 2783 1736 2822 δε
1748 2777 2128 2823 consuetudinem..-

1175 2841 1352 2884 aliorum
1368 2841 1686 2884 Canonicorum
1703 2869 1717 2888 2
1742 2854 1794 2882 eo
1811 2842 1911 2897 quia
1923 2839 1970 2882 fit
1983 2842 2027 2883 in
2045 2838 2126 2881 ser-

1176 2902 1283 2944 vitio
1301 2898 1526 2957 Episcopi,
1554 2913 1639 2943 non
1654 2900 1809 2942 amittit
1826 2914 1973 2942 omnes
1990 2901 2128 2944 distri-

1176 2963 1376 3004 butiones
1391 2961 1663 3019 quotidianas
1680 2989 1693 3009 ‚
1709 2958 1736 3001 fi
1752 2961 1891 3002 inistis
1907 2960 2126 3003 consistant

1175 3020 1331 3066 fruetus
1347 3021 1665 3069 Canonicatus‚
1682 3018 1752 3062 sed
1776 3017 1909 3063 solum
1930 3022 2129 3063 tertiam-a

1179 3088 1339 3139 partem
1356 3082 1521 3135 illarum
1536 3079 1653 3133 juxta
1668 3080 1789 3123 Text.
1805 3080 1846 3122 in
1857 3093 1940 3136 cap.
1956 3083 2003 3123 de
2021 3093 2132 3123 caete-

1181 3158 1224 3184 ro
1239 3143 1286 3183 de
1303 3142 1440 3183 Cleric.
1457 3155 1530 3182 non
1544 3141 1720 3197 refiden„
1735 3140 1866 3195 ibique
1876 3142 1972 3183 Abb.
1987 3155 2054 3185 nu⁹
2077 3154 2130 3191 1..‚

1181 3208 1299 3245 Butr.
1310 3214 1415 3244 num.
1437 3214 1473 3241 1.
1491 3229 1505 3250 ,
1520 3199 1570 3244 ὠ·
1594 3215 1632 3242 2.
1647 3204 1777 3243 Anan.
1791 3216 1896 3243 num.
1918 3215 1990 3251 ι.,.
2007 3202 2130 3249 dum-

1182 3262 1312 3307 modo
1327 3263 1571 3304 eanonicus
1583 3258 1812 3304 inserviens
1827 3260 2036 3318 Episcopo
2048 3262 2131 3305 hoc

1186 3337 1271 3366 non
1290 3320 1546 3365 affectaverit
1575 3327 1703 3363 Anan.
1717 3321 1912 3376 ubistapra
1923 3337 2026 3365 num.
2038 3336 2072 3362 1.

1242 3385 1294 3424 Et
1327 3385 1385 3424 ita
1410 3384 1535 3425 etiam
1566 3379 1794 3424 resolutum
1825 3381 1907 3424 fuit
1941 3383 1961 3424 ὲ
1981 3382 2128 3423 δαετευ

1186 3444 1539 3501 Congregatione
1552 3443 1741 3495 Concilii
1771 3444 1813 3484 in
1829 3443 2054 3497 Anagnina
2070 3439 2134 3480 di-

1185 3505 1476 3549 stributionum
1507 3515 1575 3553 27.
1604 3501 1705 3554 Maji
1725 3515 1852 3553 1713.
1870 3530 1883 3550 ‚
1916 3502 1986 3542 ubi
1999 3513 2134 3554 expo-

1187 3564 1305 3607 situm
1336 3563 1416 3607 fuit
1434 3592 1446 3613 ‚
1476 3563 1594 3621 quod
1610 3561 1839 3620 Episcopus
1859 3561 2105 3659 Anagflifflff
2121 3586 2135 3606 ‚

1703 3625 1742 3665 V
1759 3635 1783 3663 u
1801 3634 1826 3662 u
2082 3631 2139 3660 uae
