2456 3802
255 235 382 299 512

254 329 365 383 juris
383 326 557 372 vocandi
572 339 613 378 9.
627 316 742 369 Febr.
763 338 781 367 1
791 339 894 378 705.
913 330 953 374 §-
970 329 1025 369 Et
1038 309 1128 367 hinc
1142 337 1221 368 cor·

262 393 359 434 En'w
376 395 507 433 Scotto
521 418 532 430 .

393 473 1071 529 ARGUMENTUM.·

203 576 418 633 Paestum
438 571 737 648 appositum
755 573 812 625 in
829 570 1015 627 limine
1031 570 1220 625 funda-

281 655 439 712 tionis
458 693 474 717 ,
507 653 653 729 quod
690 651 1031 727 Cappellania
1051 670 1220 706 rema-

284 753 408 791 neat
424 733 629 808 semper
643 729 1125 805 vacan5,usquequo
1137 731 1224 783 ha-

286 816 403 872 bilis
438 836 500 869 ex
533 810 972 867 descendentibus
1005 810 1223 867 adveni-

285 914 367 952 ret
385 896 450 947 ad
462 894 606 948 illam
625 891 989 953 obtinendam,
1010 893 1136 945 &in
1152 906 1223 944 ta-

281 977 319 1032 li
347 971 466 1030 casu
496 973 714 1029 interim
746 971 883 1027 bona
900 970 1144 1046 affignata
1168 972 1223 1024 in

287 1058 472 1111 dotem
501 1055 677 1109 eidem
699 1050 1052 1128 Cappellaniae
1070 1048 1222 1126 poffi-

289 1138 542 1191 derentur
561 1133 588 1187 a
604 1138 851 1196 Patrono,
871 1131 1224 1207 approbatum

291 1216 354 1270 ab
398 1216 687 1270 Ordinatio
739 1232 863 1271 cum
904 1210 1130 1275 clausula
1178 1244 1221 1252 --

289 1297 414 1375 Qu
430 1309 606 1350 tanton
626 1290 659 1350 a
680 1292 995 1371 disposttione
1011 1294 1049 1346 S
1051 1293 1102 1345 S.
1121 1292 1220 1345 Ca-

290 1396 482 1433 nonum
516 1374 865 1453 distreparent
895 1413 910 1437 ,
951 1369 1225 1450 approbare

289 1478 387 1512 non
406 1455 639 1511 intendit
664 1488 707 1498 --
740 1475 849 1508 non
867 1452 1141 1509 sustinetur
1159 1493 1170 1506 .

417 1571 1043 1619 SUMMARIUM.

247 1674 266 1704 1
300 1661 468 1704 Pat‘i‘um
482 1661 697 1717 appositum
722 1655 764 1698 in
788 1655 921 1697 limine
934 1654 1193 1709 fundationis
1208 1684 1223 1705 ,

332 1721 441 1780 quid
469 1717 724 1775 cappellania
754 1727 961 1759 remaneat
963 1718 1122 1770 semper
1141 1730 1225 1759 va-

336 1797 450 1830 cans,
465 1781 660 1837 usquequo
676 1777 817 1819 habilis
839 1792 893 1820 ex
907 1777 1224 1830 descendentibus

334 1841 553 1885 adveniret
569 1841 625 1883 ad
636 1839 749 1880 illam
764 1837 1015 1880 obtinendam
1028 1866 1043 1887 ,
1067 1837 1117 1881 &⁶
1141 1838 1224 1882 in...

333 1903 412 1946 tali
436 1901 525 1956 casu
546 1898 709 1942 interim
725 1898 824 1940 bona
848 1899 890 1940 in
909 1898 1040 1941 dotem
1058 1891 1227 1957 affigna-

331 1974 377 2006 ta
394 1962 680 2022 poffiderentur
711 1958 739 2000 d
767 1963 937 2002 Patrono
966 1987 981 2009 ‚
1010 1974 1087 2003 non
1105 1959 1227 2014 susti-

331 2035 450 2068 netur
461 2052 474 2065 .

246 2098 269 2128 2
303 2087 473 2129 Paetum
501 2083 744 2126 contrarium
766 2082 856 2136 juri
883 2083 1143 2136 approbatum
1175 2085 1226 2126 ab

335 2146 514 2202 Episcopo
530 2161 615 2187 cum
631 2144 803 2198 clausula
817 2168 859 2178 --
876 2143 1126 2187 Dummodo
1141 2157 1226 2188 non

333 2207 380 2249 fit
395 2207 475 2261 juri
489 2207 751 2254 contrarium
770 2231 813 2239 --
827 2218 903 2247 non
918 2204 1068 2246 dicitur
1085 2216 1228 2260 appro-

333 2269 470 2311 batum
483 2297 496 2317 ,
504 2268 582 2321 sed
594 2266 776 2322 express?
790 2267 981 2319 rejeaum
996 2293 1008 2305 .

247 2342 273 2384 3
305 2328 547 2373 Ordinarius
563 2340 734 2382 tempore
751 2343 824 2369 non
840 2325 964 2367 habili
978 2324 1062 2382 cogi
1077 2340 1150 2367 non
1159 2337 1229 2380 po-

298 2398 302 2401 ’
336 2387 409 2441 test
434 2388 490 2430 ad
500 2387 773 2442 approbandas
788 2385 1026 2429 conditiones
1041 2384 1083 2426 in
1095 2386 1228 2428 limine

323 2448 581 2504 fundationis
597 2477 608 2488 .

245 2523 274 2564 4
303 2509 500 2565 Suspenst'o
511 2508 750 2566 provisionis
779 2506 965 2562 Beneficii
978 2507 1161 2564 longaeva
1178 2506 1230 2562 est

336 2580 476 2613 contra
490 2580 680 2612 naturam
694 2567 802 2610 illius
816 2597 830 2617 ‚
842 2579 886 2610 ut
893 2568 952 2621 fit
959 2579 1230 2623 perpetuum-⁹

335 2630 533 2689 quidquid
547 2631 607 2685 sit
619 2632 667 2672 de
693 2629 834 2686 aliqua·
848 2628 1092 2686 suspensione
1101 2628 1233 2684 parvi

336 2692 522 2746 temporis
533 2720 544 2731 .

252 2767 272 2807 5
308 2753 476 2798 Paetum
500 2781 513 2802 ,
541 2753 647 2807 quod
667 2756 866 2795 Patronus
893 2749 1060 2805 recipiat
1062 2750 1230 2804 frul't'us

334 2814 523 2870 Beneficii
538 2842 552 2862 ‚
566 2812 754 2871 permiffit
770 2811 962 2853 diuturna
979 2812 1231 2858 vacatione,

337 2890 412 2916 non
420 2874 545 2929 potest
561 2873 775 2930 approbari
790 2873 839 2914 ab
851 2870 1026 2927 Episcopo
1042 2901 1056 2923 ‚
1069 2873 1149 2926 sed
1163 2887 1231 2914 re-

338 2935 521 2993 quiritur
539 2933 768 2990 approbatio
783 2937 895 2989 Papae
910 2963 921 2975 .

495 3029 796 3075 CASUS
870 3029 954 3074 VI.

344 3119 451 3162 Itius
471 3121 745 3164 demandavit
778 3120 859 3163 suis
877 3119 1119 3164 h-aeredibus
1135 3117 1232 3163 fun-

364 3179 581 3227 dationem
601 3212 614 3232 ,
628 3186 668 3226 &
684 3182 953 3225 dotationem
972 3182 1093 3224 unius
1114 3181 1231 3237 Cap-

277 3237 400 3294 pellae
419 3244 669 3285 auctoritate
699 3243 915 3285 Ordinarii
932 3240 1143 3299 erigendae
1161 3241 1234 3282 in.›

278 3298 450 3339 titulum
495 3304 688 3358 perpetui
722 3300 926 3344 Beneficii
956 3299 1233 3344 Ecclefiastici

277 3371 371 3400 cum
393 3356 677 3404 reservatione
695 3359 1046 3418 jurispatronatus
1066 3374 1150 3403 tam
1166 3375 1234 3403 ac·-

279 3418 385 3467 tivi,
406 3417 533 3476 quam
549 3421 689 3474 paffivi
705 3421 851 3464 favore
868 3421 1232 3471 descendentium,

282 3477 543 3521 demandans
571 3479 747 3521 ulterius
764 3482 958 3524 Patronis
1005 3496 1052 3524 ro
1070 3493 1235 3538 tempo-

1306 2627 1322 2649 U

1300 2708 1318 2738 1

1505 0 1516 19 ⁴,
1540 0 1617 47 ,ξ
1648 7 1665 19 »η
1744 10 1750 17 ι

1573 35 1624 74 s·-

607 207 1104 277 Commentaria
1137 207 1222 274 ad
1255 206 1540 297 fingulos
1568 199 1888 274 Canones*
1905 245 1924 251 ·-
1972 240 1973 243 ¹

1344 325 1514 368 dinatio
1531 325 1576 367 in
1592 322 1816 368 Rectorem
1831 318 1961 369 unium
1974 339 2027 370 ex
2043 328 2116 371 dd.
2131 312 2301 374 descen·
2354 330 2356 332 ’
2375 327 2381 334 ’

1347 384 1551 429 dentibus
1571 413 1586 434 ‚
1617 385 1644 427 ii
1660 386 1860 429 existeret
1876 416 1889 436 ,
1906 386 2095 446 quiesset
2111 391 2270 434 habilis
2282 420 2297 441 ,

1345 445 1418 490 seu
1437 444 1659 502 dispositus
1676 447 1729 489 ad
1747 447 2009 491 Clericatum
2026 478 2041 500 ‚
2074 452 2201 493 etiam
2218 453 2299 494 mi·
2375 460 2381 465 ·
2448 484 2451 503 ,

1347 521 1427 551 nor
1449 520 1516 559 14.
1534 508 1670 557 annis,
1689 509 1772 551 hoc
1787 505 1956 566 insuper
1967 511 2118 555 addito
2135 531 2178 547 -··-
2193 514 2301 570 quid

1343 581 1419 611 non
1447 567 1641 623 existente
1673 568 1807 625 aliquo
1827 583 1881 612 ex
1896 572 1964 613 dd.
1980 572 2299 626 descendentibus

1347 627 1473 671 habili
1501 657 1515 677 ,
1532 629 1608 682 seu
1622 628 1798 685 disposito
1814 631 1872 672 ad
1898 631 2138 676 clericatum
2157 662 2171 683 ,
2203 645 2298 676 tunc

1345 690 1457 732 ditia
1473 689 1727 744 Cappellania
1738 703 1961 750 remaneret
1959 693 2116 748 semper
2128 709 2299 744 vacans,

1348 750 1453 792 nullo
1454 748 1574 804 fac‘lo
1591 750 1672 791 loco
1688 751 1937 795 devolutioni
1950 781 1964 802 ‚
1979 754 2174 809 usquequo
2187 755 2299 797 habi·-

1345 811 1398 852 lis
1415 825 1468 853 ex
1489 810 1545 852 eis
1558 811 1778 853 adveniret
1807 814 1863 854 ad
1885 813 1998 854 illam
2022 814 2271 857 obtinendam
2287 841 2302 859 ο

1347 874 1402 915 Et
1413 872 1454 912 in
1464 870 1544 913 tali
1553 871 1641 925 casu
1655 872 1816 914 interim
1829 874 1926 915 bona
1939 874 1981 915 in
1995 875 2123 917 dotem
2133 875 2301 934 affigna-

1345 942 1394 975 ta
1406 931 1532 974 eidem
1548 933 1803 987 cappellania
1811 933 2096 992 poffiderentur
2118 937 2168 978 ab
2199 936 2301 991 ejus-

1347 994 1437 1035 dem
1452 992 1641 1036 Patronis
1658 1021 1672 1042 ‚
1689 993 1849 1049 etiamst
1846 1007 1922 1049 per
1929 995 2067 1050 plures
2083 1011 2205 1038 annos
2219 1013 2301 1040 va·-

1349 1064 1494 1097 catura
1511 1053 1599 1113 fft
1618 1082 1630 1093 .
1662 1056 1882 1096 Dummodo
1897 1067 2032 1098 tamen
2033 1057 2220 1112 fideliter
2221 1058 2301 1112 sa-

1347 1114 1516 1171 tisfierit
1532 1114 1713 1156 oneribus
1715 1116 1819 1169 saepe*
1831 1115 1944 1157 dibla-
1961 1118 2232 1172 cappellania,
2247 1117 2300 1164 ὠ·

1350 1176 1547 1231 reliquum
1562 1189 1616 1217 ex
1618 1175 1827 1230 fruelibus
1828 1176 2054 1230 stouffen&
2071 1179 2302 1233 approprie-

1347 1246 1417 1278 tur
1432 1236 1572 1289 eisdem
1584 1236 1769 1278 Patronis
1772 1249 1943 1291 prorata
1948 1238 2301 1295 singulis,perind?

1348 1298 1445 1352 acsi
1465 1297 1604 1339 vocati
1614 1297 1728 1355 effint
1746 1310 1820 1352 per
1836 1299 1953 1339 viam
1957 1299 2248 1358 fideicommiffi
2255 1323 2302 1336 --

1349 1358 1446 1401 Post
1474 1356 1692 1399 fundatam
1726 1356 1931 1414 praemiffo
1959 1360 2090 1404 modo
2120 1360 2302 1404 distant..-

1348 1419 1692 1475 Cappellaniam‚
1708 1420 1955 1462 Ordinarius
1972 1422 2016 1463 in
2032 1420 2209 1464 decreto
2224 1435 2302 1479 ap-

1349 1479 1618 1537 probationis
1638 1477 2005 1536 jurispatronatus,
2023 1485 2064 1524 &
2079 1482 2301 1526 condide-

1351 1553 1450 1584 num
1466 1541 1490 1582 ὲ
1502 1538 1728 1583 fundatore
1743 1541 1995 1594 adjectarum
2012 1543 2119 1586 hanc
2136 1540 2302 1586 clausu·

1349 1601 1433 1643 lam
1449 1600 1616 1644 addidit
1634 1626 1674 1635 --
1691 1614 1775 1656 qua
1804 1611 1939 1644 tamen
1964 1615 1990 1643 a
2020 1602 2302 1658 dispositione..

1350 1664 1562 1703 Sacrorum
1575 1665 1775 1704 canonum
1790 1662 2060 1718 discreparent
2074 1692 2093 1715 ,
2106 1665 2304 1720 approba-

1350 1737 1396 1765 re
1412 1735 1488 1764 non
1501 1722 1674 1765 intendit
1686 1751 1699 1764 .
2031 1750 2033 1753 -

1407 1784 1488 1826 Per
1515 1784 1683 1826 obitum
1717 1782 1854 1827 ultimi
1886 1783 2141 1841 Cappellani
2165 1783 2304 1829 faetus

1350 1844 1409 1888 est
1424 1841 1540 1886 casus
1558 1845 1581 1887 a
1596 1844 1839 1888 Fundatore
1854 1842 2064 1902 provisus,
2079 1846 2179 1888 dum
2191 1858 2302 1889 unus

1351 1919 1405 1949 ex
1422 1906 1714 1963 compatronis
1745 1907 1914 1949 unicum
1930 1907 2059 1949 habet
2076 1904 2211 1967 filium
2228 1907 2303 1948 im

1351 1977 1477 2010 aetate
1491 1966 1719 2015 triennali,
1735 1969 1775 2009 &
1793 1966 1845 2009 fic
1859 1964 2136 2010 insufficiente
2151 1964 2207 2009 ad
2221 1966 2303 2009 ob-

1347 2026 1572 2070 tinendum
1589 2027 1854 2070 Clericatum
1878 2056 1890 2068 .
1923 2026 2049 2072 Unde
2075 2025 2304 2071 insurrexit

1349 2085 1579 2131 difficultas
1597 2117 1611 2138 ,
1627 2101 1679 2131 an
1691 2087 1845 2131 debeat
1859 2087 1953 2130 fieri
1968 2089 2092 2132 locus
2107 2088 2303 2131 va‹:atio-·>

1352 2151 1395 2192 ni
1412 2147 1484 2199 ,δι
1502 2150 1767 2205 perceptioni
1782 2148 1988 2193 fruetuum
2005 2149 2298 2206 Cappellaniae

1352 2223 1428 2268 per
1452 2211 1666 2253 Patronos
1693 2209 1810 2262 juxta
1826 2215 1990 2266 pastum
2014 2210 2038 2253 a
2059 2209 2300 2253 Testatorea

1351 2269 1590 2326 impolitum
1624 2298 1639 2319 ,
1667 2282 1715 2311 ac
1731 2271 1914 2327 proinde
1933 2272 2159 2328 quaeritur,
2183 2283 2235 2312 an
2252 2267 2303 2313 fit

1351 2327 1646 2387 suspendenda
1659 2330 1844 2386 provisio
1859 2331 1959 2372 dieti
1975 2329 2177 2373 Beneficii
2193 2359 2208 2379 ,
2229 2327 2311 2372 seu⁴

1352 2391 1662 2447 Cappellaniae,
1678 2389 1818 2434 donec
1837 2389 1973 2433 infans
1987 2403 2166 2434 vocatus
2181 2390 2206 2433 εὶ
2221 2391 2305 2432 Te·-

1353 2451 1510 2495 statore
1525 2451 1746 2507 perveniat
1761 2451 1814 2493 ad
1833 2451 2067 2508 legitimam
2101 2462 2267 2493 aetatem
2283 2477 2300 2500 ‚

1354 2509 1550 2556 concessa
1573 2512 1744 2555 interim
1771 2511 2130 2556 administratione
2157 2512 2313 2554 bonor

1354 2587 1462 2622 rum,
1480 2577 1520 2616 δι
1532 2574 1809 2629 perceptione
1827 2571 2034 2615 fruetuum
2050 2573 2104 2616 ad
2121 2569 2321 2618 formam.

1353 2632 1535 2692 praefatae
1549 2631 1837 2689 dispositionis
1853 2666 1865 2675 .

1414 2695 1599 2737 Studens
1614 2694 1726 2750 apud
1753 2694 1909 2737 R.1³.D.
1927 2707 2065 2736 meum
2082 2696 2207 2737 Petra
2229 2693 2304 2734 ins·
2352 2731 2354 2733 ,
2420 2680 2447 2729 'J‘

1354 2768 1438 2798 una
1459 2753 1684 2797 Florentino
1693 2753 2038 2810 jurispatronatus
2057 2784 2071 2804 ‚
2093 2755 2166 2798 ubi
2183 2753 2210 2796 fi
2223 2755 2302 2796 mi-

1355 2817 1411 2859 lis
1431 2812 1548 2858 casus
1564 2815 1805 2878 agitabatur
1819 2843 1832 2864 ‚
1854 2812 2196 2872 respondendum
2212 2811 2305 2857 sen-

1354 2877 1513 2919 tiebam
1531 2876 1750 2932 negative,
1765 2877 1867 2934 quia
1879 2879 2043 2933 paetum
2057 2875 2306 2933 praedia-um

1356 2937 1414 2980 est
1429 2948 1579 2979 contra
1594 2936 1661 2989 jus
1678 2962 1691 2985 ,
1722 2947 1811 2979 tum
1828 2938 1928 2994 quia
1954 2937 2161 2994 importat
2177 2948 2303 2981 vaca-

1356 2999 1520 3040 tionem
1530 2994 1732 3039 Beneficii
1746 3010 1822 3054 per
1838 2997 2013 3053 longum
2025 3008 2306 3054 tempus2tum

1355 3060 1486 3101 etiam
1519 3058 1620 3116 quia
1634 3058 1752 3100 Laici
1777 3059 1950 3101 Patroni
1964 3055 2304 3102 othnerentfru-

1357 3122 1445 3162 &us
1460 3117 1700 3175 spirituales
1716 3117 1932 3164 Beneficii3
1946 3118 2018 3161 fibi
2029 3117 2301 3176 approprian-

1358 3191 1423 3222 tes
1439 3208 1452 3229 ,
1473 3179 1593 3236 quod
1609 3180 1819 3237 reliquum
1842 3181 1940 3229 erit,
1960 3179 2185 3222 celebratis
2199 3172 2304 3217 Mis-

1355 3239 1405 3282 fis
1422 3268 1435 3289 ‚
1453 3240 1571 3297 qnod
1588 3240 1834 3297 neutiquam
1852 3240 1876 3282 a
1894 3240 2033 3282 Sacris
2048 3236 2301 3283 Canonibus
2351 3246 2365 3279 ῐῑτ

1356 3300 1414 3342 est
1429 3298 1663 3357 permissum
1675 3329 1688 3350 ‚
1704 3301 1906 3344 Concilio
1923 3299 2174 3342 Tridentino
2193 3311 2302 3354 prae-

1357 3358 1499 3403 sertim
1541 3361 1799 3404 contrarium
1833 3358 2085 3416 disponente
2100 3357 2192 3415 fi'ffi
2228 3371 2247 3397 2
2259 3370 2308 3417 2->

1355 3434 1438 3475 cap.
1448 3435 1466 3466 1
1480 3423 1565 3462 1-de
1580 3421 1740 3475 reform.
1755 3421 1872 3463 Card.
1888 3422 1935 3461 de
1947 3424 2049 3461 Luca
2067 3420 2113 3459 de
2122 3419 2301 3473 jurepat.

1355 3480 1475 3534 difluz
1486 3496 1566 3523 0.n.
1576 3494 1592 3520 1
1605 3481 1756 3530 2.‚&d1'
1776 3479 2043 3532 c.93.n.2.,Et
2054 3479 2305 3520 Ordinarius

281 3552 326 3581 re
348 3568 361 3589 2
381 3551 427 3583 ut
443 3535 605 3597 semper
617 3551 865 3584 tenerentur
879 3555 961 3599 prae
983 3552 1127 3586 entare
1153 3544 1235 3584 Or-
1299 3554 1321 3582 2
1357 3542 1400 3585 in
1417 3542 1562 3586 limine
1575 3539 1836 3585 fundationis
1863 3537 2059 3598 expresse
2074 3541 2186 3584 cavit
2218 3549 2305 3580 non

2159 3601 2304 3650 inten-
