2456 3802
319 293 445 374 562

369 408 432 447 Ex
448 402 606 461 quibus
622 410 763 444 manet
778 402 969 445 dilucide
988 404 1173 459 probata
1187 406 1276 462 pri-

305 478 373 508 ma
393 477 487 521 pars
516 460 707 518 assumpti
724 490 738 511 ,
755 464 891 521 „quod
908 463 1173 521 Sparapanus
1194 463 1269 508 sub

302 527 489 570 «obtentu
510 524 609 566 dicti
624 521 937 579 juspatronatus
954 525 1094 581 pamvi
1117 528 1269 584 nequit

303 587 331 630 ὲ
346 582 624 629 controversa
645 585 929 634 Institutione,
945 587 1155 642 repellere
1172 587 1268 630 Ma-

304 648 539 706 dagninum
571 645 596 688 i
627 645 776 698 majori
808 658 928 702 parte
956 649 1148 703 Capituli
1175 649 1266 691 ele-

300 713 411 752 ‹stum
430 735 442 756 ,
463 704 592 749 sedin
610 707 725 747 omni
743 703 836 747 casu
854 706 924 748 ubi
942 721 995 748 ex
1009 705 1264 765 suppofitio-

307 782 360 810 ne
378 763 857 821 dietumjuspatronatus
875 765 1030 808 adeffet
1047 796 1061 816 ,
1084 767 1168 811 visa
1182 767 1264 811 fuit

299 827 518 884 justificata
548 825 730 867 secunda
762 840 857 882 pars
875 824 1064 883 assumpti
1094 856 1108 877 ,
1139 830 1261 887 quod

298 887 585 943 Madagninus
618 899 704 928 non
719 898 860 929 careat
878 887 1081 946 requisito
1096 885 1258 933 servitii

297 948 507 997 Ecclefiae‚
526 948 619 991 cum
643 947 696 990 de
711 959 902 1004 tempore
917 962 1006 1006 quo
1022 952 1149 992 traxit
1164 966 1258 994 mo-

293 1025 383 1054 ram
402 1011 444 1052 in
460 1009 601 1051 Patrio
619 1008 792 1066 Oppido
807 1037 820 1057 ‚
849 1009 1008 1065 jugiter
1020 1010 1255 1054 intenderit

298 1074 344 1115 in
386 1070 660 1113 Auditorium
708 1068 1020 1112 Sacrosanstum
1052 1071 1255 1116 Sacrificii

291 1130 419 1174 Miffae
436 1131 741 1173 celebrantium
764 1158 778 1178 ‚
799 1134 839 1174 δε
855 1130 1103 1188 frequenter
1123 1135 1249 1176 etiam

291 1205 411 1236 cotta
428 1190 602 1233 indutus
618 1193 660 1232 in
679 1190 934 1243 Majoribus,
955 1195 995 1234 &
1010 1193 1254 1238 solemnio-

292 1255 411 1297 ribus
433 1252 559 1294 Miffis
576 1251 858 1294 Thuribulum
875 1251 1117 1309 gestaverit,
1146 1257 1252 1298 alia-

287 1328 374 1373 que
391 1312 535 1355 fimilia
567 1313 806 1368 expleverit
826 1311 1109 1357 Ecclefiastica
1126 1317 1251 1360 mini-

286 1375 407 1417 steria
424 1372 502 1416 suae
520 1376 633 1415 aetati
648 1374 988 1422 accommodata,
1009 1387 1053 1416 ut
1069 1390 1120 1418 ex
1137 1389 1247 1419 atte-

283 1436 463 1478 statione
481 1435 664 1490 plurium
684 1435 1004 1479 Canonicorum
1021 1463 1033 1476 .
1067 1438 1245 1480 Parum„

285 1495 499 1538 officiente
527 1523 541 1542 ‚
574 1495 693 1552 quod
722 1495 948 1538 ministeria
977 1497 1153 1552 praestita
1169 1512 1245 1554 per

281 1557 564 1613 Sparapanum
581 1554 655 1597 fint
671 1555 888 1607 majora‚&
905 1556 1116 1614 longioris
1133 1571 1244 1600 tem-

280 1619 398 1674 poris
415 1645 428 1666 ‚
450 1618 550 1674 quia
568 1616 788 1659 Fundator
806 1616 1091 1661 confideravit
1111 1616 1243 1662 servi-

278 1680 338 1720 tia
353 1706 366 1726 ,
400 1691 491 1736 quae
509 1677 687 1732 praestari
716 1688 915 1732 poterant
932 1676 1206 1732 aJuvenibus
1224 1709 1241 1729 ,

277 1752 357 1780 nec
372 1738 546 1796 quidem
562 1737 778 1785 diuturna,
791 1735 860 1780 sed
875 1751 951 1792 pro
968 1738 1116 1796 aliquo
1132 1751 1241 1783 tem-

281 1813 389 1855 pore
406 1827 420 1847 ,
433 1798 491 1840 ibi
502 1821 540 1831 --
555 1799 597 1839 Si
605 1797 875 1851 habbifimpre
888 1797 1077 1853 riguardo
1095 1800 1137 1840 di
1146 1801 1242 1843 dar..

279 1860 311 1900 li
323 1859 351 1899 d
366 1859 486 1914 quelli
500 1857 677 1900 Giovani
687 1859 729 1898 di
747 1859 871 1899 buona
886 1858 983 1900 vita
996 1887 1010 1908 ,
1027 1860 1092 1902 che
1109 1861 1240 1904 have-

272 1933 396 1960 ranno
398 1917 560 1972 servito
572 1930 643 1970 per
659 1918 824 1974 qualche
842 1930 967 1974 tempo
981 1920 1022 1960 la
1042 1920 1180 1974 Chiesa
1194 1948 1238 1959 -.-

271 1980 399 2022 Unde
425 1993 541 2021 mens
560 1979 819 2022 Fundatoris
834 1976 933 2021 satis
951 1981 1204 2037 adimpleta-2
1220 2013 1236 2034 ‚

272 2041 432 2084 dicitur
453 2039 669 2083 mediante
703 2040 913 2084 electione
932 2040 1237 2088 Adolescentis

273 2116 353 2159 pro
370 2102 517 2159 aliquo
533 2112 727 2157 tempore
759 2100 984 2144 Ecclefiam
999 2099 1235 2148 inservien-

268 2165 326 2206 tis
342 2192 356 2212 ,
375 2162 569 2219 quamvis
585 2161 848 2218 posthabitus
865 2160 1003 2205 fuisset
1017 2164 1232 2208 Sacerdos

268 2224 440 2276 majoris
457 2252 470 2271 ,
502 2226 542 2265 &
568 2223 848 2265 diuturnioris
877 2221 1039 2277 servit-ij
1055 2225 1230 2283 requisi-

266 2297 357 2327 tum
375 2284 626 2332 ostendens,
659 2285 758 2326 &in
777 2284 892 2326 omni
905 2282 1000 2327 casu
1016 2285 1122 2328 licet
1137 2300 1243 2336 mes

266 2346 379 2392 lius,
412 2348 451 2386 δι
476 2344 689 2385 honestius
716 2342 855 2386 fuisset
881 2345 1043 2403 eligere
1065 2346 1229 2389 haben-

268 2418 354 2448 tem
371 2405 697 2460 praerogativam
716 2404 888 2456 majoris
906 2433 920 2453 ,
946 2419 1072 2461 quam
1085 2408 1227 2450 mino-

267 2467 326 2508 ris
342 2463 526 2510 servitii;
554 2465 714 2505 Tamen
728 2477 813 2506 uon
834 2463 935 2507 ideo
948 2464 1054 2507 facta
1069 2465 1224 2512 electio

263 2527 356 2579 ejus
373 2553 386 2573 ,
419 2525 494 2582 qui
512 2524 647 2566 minus
666 2522 859 2567 servierit
877 2553 891 2574 ‚
918 2526 1072 2567 irritari
1089 2526 1225 2571 debet

264 2588 432 2643 optimo
474 2596 728 2644 argumento
761 2585 888 2628 ducto
919 2585 944 2629 a
974 2585 1224 2642 supradiffls

208 2663 257 2705 13
276 2644 636 2705 propositionibus
654 2674 669 2695 ‚
694 2645 813 2703 quod
830 2647 986 2690 electio
1000 2648 1137 2691 minus
1154 2649 1222 2690 di-

261 2710 334 2765 gni
353 2736 365 2755 ,
397 2712 438 2750 &
456 2706 509 2748 de
529 2720 614 2748 non
630 2707 794 2763 gremio
813 2706 1003 2749 Ecclefiae
1019 2709 1219 2768 redargui

258 2767 396 2826 potest
412 2768 465 2809 de
484 2767 683 2820 injustitia
698 2767 917 2823 purganda
930 2768 976 2814 ‚in
994 2767 1092 2811 foro
1111 2783 1219 2814 con-

258 2828 443 2873 scientiae
458 2856 471 2874 ‚
506 2841 592 2870 non
611 2829 771 2870 veroin
787 2826 986 2880 forofori
1003 2828 1218 2874 mediante

256 2895 371 2933 aaus
394 2888 590 2930 nullitate
612 2904 623 2934 ς
644 2888 849 2943 Qamuis
866 2892 1130 2947 caereroquin
1146 2891 1218 2933 in,

256 2949 353 2994 casu
385 2946 579 3005 praesenti
600 2949 813 2992 Canonici
835 2963 907 3004 per
925 2951 1058 2992 astum
1073 2951 1217 3006 publi-

256 3025 351 3054 cum
367 3009 694 3058 declaraverint,
707 3008 828 3066 quod
845 3010 886 3051 in
903 3009 1111 3053 elefflone
1123 3011 1217 3054 Ma..

254 3072 429 3127 dagnini
451 3069 723 3126 impleverint
740 3069 1006 3112 voluntatem
1022 3070 1217 3116 Testato-

256 3133 313 3172 ris
331 3159 345 3179 ‚
376 3132 481 3172 citra
503 3131 621 3187 quod
640 3130 770 3172 ullum
786 3131 830 3171 in
846 3127 1106 3173 conscientia
1120 3128 1214 3176 sen·-

258 3188 385 3231 serint
401 3188 723 3239 offendiculum,
738 3190 782 3232 id
798 3192 917 3247 quod
930 3191 1097 3247 deJure
1109 3206 1213 3248 prae-

256 3249 427 3292 sumitur
444 3251 560 3303 juxta
575 3249 868 3309 famigeratum
883 3251 1210 3308 principium,de

256 3310 311 3352 de
324 3309 512 3366 qualate
531 3312 691 3365 Barboſs
706 3313 833 3353 traH.
851 3311 966 3353 varii
979 3311 1133 3353 axiom.
1139 3328 1161 3367 3
1169 3318 1210 3357 6.

258 3384 366 3413 num.
379 3381 420 3419 4.
449 3368 536 3408 c1>m
540 3370 627 3425 fiq.
648 3399 662 3419 ‚
694 3370 799 3415 &in
827 3370 1039 3414 Valentino
1051 3375 1211 3429 Benefi-

255 3431 309 3472 cii
324 3443 365 3481 7.
379 3427 501 3488 ‘junii
523 3440 539 3466 1
550 3432 647 3478 694.
670 3432 944 3477 §.Addebatur
957 3433 1141 3488 versicul.
1157 3434 1208 3479 &-

253 3492 406 3533 demum
420 3517 433 3537 ,
461 3502 590 3529 coram
606 3492 760 3531 R.P.D.
775 3506 854 3533 meo
869 3491 998 3535 Priola
1014 3522 1026 3536 .

313 3551 368 3596 Et
384 3551 442 3592 ita
458 3560 636 3608 utraque
650 3552 730 3593 &c.

718 285 1212 351 Commentaria
1246 286 1329 353 ad
1362 284 1644 376 singulos
1675 292 1977 357 Canones'

1510 409 1748 458 ARGU
1769 410 1876 460 ME
1897 408 2170 461 NTUM.

1330 503 1589 578 Exigente
1615 499 1914 557 Fundatore
1945 503 2001 556 in
2032 502 2344 562 Praesentan-
2409 517 2413 523 ⁴

1409 584 1480 636 do
1514 582 1581 636 ad
1610 580 1933 636 Beneficium
1962 583 2153 658 gradus
2169 590 2343 663 Magi·
2403 628 2407 637 .

1404 662 1542 718 sterii
1557 663 1612 716 in
1625 662 1670 715 S.
1685 660 1982 738 Theologia
1994 702 2010 725 ,
2039 681 2125 718 aut
2141 668 2339 722 Docto-

1403 758 1543 797 ratus
1563 745 1619 797 in
1633 743 2338 803 decreti3,autLicentiaturae
2398 767 2413 816 j

1358 888 1362 891 ν
1399 822 1455 874 in
1471 821 1754 896 approbata
1773 819 2128 886 vniverfitate,
2147 845 2211 878 an
2225 825 2339 900 pos-
2402 839 2407 861 ³

1397 899 1460 955 fit
1472 900 1768 975 praesentari
1785 901 1851 955 ad
1865 899 2189 960 Beneficium
2204 905 2336 968 ille„

1396 983 1488 1055 qui
1522 979 1681 1037 habet
1699 979 1868 1038 solum
1902 983 2125 1057 gradum
2143 985 2331 1041 Bacca·
2404 1011 2406 1020 >

1392 1059 1650 1116 laureatus
1667 1101 1682 1125 ,
1715 1081 1802 1117 aut
1828 1063 2053 1137 gradum
2084 1063 2329 1139 Magiste-

1394 1142 1459 1195 rii
1491 1140 1771 1198 obtentum
1801 1141 1829 1196 a
1847 1141 2092 1218 Collegio
2124 1145 2323 1201 Dosto-

1394 1228 1549 1278 rum?

1509 1354 2129 1400 SUMMARIUM.

1347 1449 1368 1476 2
1404 1439 1562 1480 Gradus
1574 1425 1913 1483 Baccalaureatus
1928 1452 2002 1480 non
2000 1437 2153 1493 sufficit
2162 1438 2221 1480 ad
2229 1437 2322 1496 effl-
2404 1442 2408 1452 “

1426 1500 1534 1542 [lum
1564 1500 1788 1558 affiquendi
1803 1528 1816 1549 ,
1848 1512 1921 1543 aut
1936 1498 2136 1541 retinendi
2164 1497 2322 1553 Benefi-
2386 1526 2404 1552 9

1421 1560 1524 1602 cium
1539 1588 1552 1609 ,
1584 1561 1770 1617 exigente
1802 1562 2023 1603 Fundatore
2052 1559 2094 1601 in
2110 1559 2320 1608 Persona.-

1416 1621 1694 1676 praefintanda
1723 1620 1942 1677 qualitates
1957 1621 2201 1663 Doaoratus
2219 1624 2321 1663 Ma·
2407 1624 2411 1644 ⁵

1416 1680 1574 1737 gisterii
1590 1710 1603 1730 ,
1635 1691 1707 1722 aut
1735 1681 2011 1724 Licentiaturae
2039 1680 2081 1722 in
2097 1680 2318 1737 aliquaap-

1414 1742 1587 1795 probata
1617 1741 1883 1798 universitate
1897 1744 1915 1783 ?
1930 1743 1982 1784 Et
2001 1755 2111 1782 num.
2125 1755 2170 1794 4.

1338 1812 1360 1839 2
1395 1806 1479 1845 Nec
1509 1803 1565 1844 ad
1591 1802 1743 1844 dietum
1773 1802 1952 1861 effei‘lum
1971 1800 2121 1855 sufficit
2152 1803 2316 1845 Gradus

1417 1862 1651 1919 Magisterii
1664 1891 1678 1912 ‚
1704 1861 1731 1903 a
1746 1862 1909 1920 Collegio
1924 1861 2139 1905 DoHorum
2154 1864 2316 1923 Mediq-

1417 1922 1504 1965 lani
1516 1924 1695 1966 obtentus
1715 1925 1733 1966 ἒ
1751 1926 1791 1967 &
1806 1937 1919 1966 num.
1939 1934 1978 1971 5.

1329 1995 1352 2035 3
1387 1984 1466 2025 Sed
1493 1984 1754 2041 requiruntur
1794 1983 1993 2039 pradilia
2023 1981 2242 2040 qualitates
2269 1982 2313 2027 in

1407 2045 1678 2098 praesentando
1693 2045 1740 2086 de
1762 2054 1934 2099 tempore
1944 2043 2259 2099 presentationis
2272 2073 2286 2086 .

1323 2107 1352 2146 6
1387 2105 1634 2162 Urgentibus
1644 2121 1788 2162 magna
1803 2104 1984 2148 utilitate
1998 2133 2013 2153 ,
2025 2115 2098 2146 aut
2112 2103 2313 2162 neceffita-

1410 2175 1452 2208 te
1467 2166 1637 2224 Ecclesia
1652 2196 1666 2217 ,
1682 2165 1916 2221 Beneficium
1931 2165 2106 2207 debitum
2123 2164 2309 2216 Doctori,

1409 2238 1483 2269 aut
1498 2226 1696 2284 Magistro
1717 2226 1802 2270 (π.
1834 2241 1889 2267 ex
1906 2225 2188 2281 dispensatione
2207 2227 2311 2282 Apo·
2396 2256 2398 2258 -

1391 2286 1538 2341 stolica
1558 2286 1730 2341 conferri
1733 2285 1859 2341 potest
1874 2300 1949 2329 non
1962 2285 2132 2329 Donat-i
2143 2303 2157 2333 ς
2176 2300 2309 2343 neque

1408 2346 1604 2405 Magist’ro
1617 2375 1629 2388 .

1319 2420 1344 2460 7
1377 2407 1631 2463 cappellania
1660 2407 1798 2450 debita
1827 2417 1933 2450 certo
1943 2406 2079 2464 generi
2106 2404 2302 2460 Persona-

1403 2483 1492 2510 rum
1505 2497 1519 2517 ,
1536 2483 1588 2511 an
1602 2497 1617 2518 ‚
1636 2468 1686 2513 ὠ
1701 2468 1859 2524 quando
1874 2483 1944 2512 con
1940 2467 2055 2523 ferri
2059 2466 2170 2527 poffit
2184 2480 2303 2515 non...

1401 2529 1635 2586 qualificato
1650 2557 1664 2570 .

1531 2618 1572 2662 C
1602 2617 1642 2661 A
1672 2615 1699 2659 S
1730 2617 1773 2658 U
1802 2616 1831 2658 S
1892 2614 2047 2660 XVIII.

1279 2713 1336 2822 Ι
1352 2707 1397 2750 Ν
1413 2705 1560 2748 limine
1587 2700 1851 2748 fundationis
1870 2705 2076 2750 Beneficii
2096 2705 2292 2764 apposuit
2377 2733 2382 2742 ·

1369 2766 1547 2824 quidam
1561 2766 1778 2809 Fundator
1793 2766 1848 2808 de
1863 2763 2068 2810 consensu
2082 2768 2299 2813 Ordinarii

1338 2827 1638 2870 conditionem
1652 2855 1667 2876 ,
1698 2826 1818 2884 quod
1835 2825 2149 2882 praesentandus
2172 2828 2224 2871 ad
2241 2829 2296 2872 il-

1335 2887 1410 2929 lud
1427 2887 1584 2930 debeat
1598 2884 1678 2930 effe
1696 2887 1896 2945 Magister
1910 2888 1952 2929 in
1966 2888 2007 2928 S.
2021 2888 2264 2948 Theologia
2278 2917 2293 2938 ‚

1332 2959 1405 2989 aut
1424 2948 1588 2990 Doctor
1601 2948 1645 2990 in
1662 2947 1866 2996 decretis,
1881 2959 1953 2990 aut
1968 2948 2232 2992 Licentiatus
2246 2950 2292 2994 in

1331 3009 1376 3050 in
1393 3007 1536 3064 aliqua
1552 3008 1787 3063 approbata
1805 3006 2073 3052 vniverfitate
2087 3037 2102 3058 ,
2133 3007 2289 3053 addito

1332 3066 1500 3122 insuper
1513 3068 1552 3109 ei
1570 3081 1701 3110 onere
1717 3067 1989 3117 celebrandi,
2007 3080 2078 3112 aut
2093 3069 2288 3113 celebra-

1333 3142 1378 3170 re
1395 3127 1580 3170 faciendi
1610 3125 1769 3170 Missam
1782 3129 2085 3189 Qotidianam
2099 3143 2178 3186 pro
2196 3129 2288 3183 ejus

1332 3189 1499 3234 Anima3
1517 3189 1714 3230 Obtinuit
1733 3202 1784 3231 ex
1798 3186 2123 3245 praesentatione
2135 3191 2286 3234 Patro-

1330 3251 1375 3291 ni
1389 3249 1472 3291 hoc
1489 3247 1743 3293 Beneficium
1758 3277 1772 3298 ‚
1787 3250 1962 3308 quidam
1979 3250 2188 3296 Clericus,
2209 3251 2285 3308 qui
2311 3252 2314 3257 ’
2357 3268 2361 3272 ’
2384 3239 2385 3242 ¹
2436 3257 2438 3260 ”

1329 3321 1420 3352 erat
1468 3308 1687 3366 insignitus
1734 3309 2036 3353 tantummodo
2074 3308 2278 3367 gradibus

1326 3370 1676 3412 Baccalaureatus
1692 3398 1705 3418 ‚
1729 3371 1772 3412 in
1788 3370 1962 3427 publica
1980 3367 2248 3414 universitate
2265 3388 2279 3418 ς

1327 3434 1369 3473 &
1395 3429 1625 3487 Magisterii
1647 3431 1671 3472 a
1695 3431 1902 3488 Collegio
1937 3431 2169 3474 Doctorum
2186 3431 2284 3475 Me..

1327 3490 1491 3533 diolani
1522 3490 1723 3538 obtenti;
1755 3495 1939 3548 Qiaero,
1967 3502 2018 3531 an
2036 3486 2278 3541 hujusmodi

1327 3549 1495 3592 Gradus
1525 3547 1737 3605 suffragari
1761 3548 1880 3605 poffit
1895 3549 1947 3592 ad
1963 3547 2156 3593 effec'tum
2171 3553 2278 3595 reti-

1325 3609 1453 3653 nendi
1470 3609 1626 3653 dietum
1639 3608 1895 3654 Beneficium
1906 3637 1918 3653 .
2192 3671 2229 3712 C

2158 3684 2175 3711 1
2234 3677 2276 3719 ui
