2456 3802
307 237 435 315 596

290 347 388 391 dam
406 344 614 392 Nobilem
630 346 821 388 Puellam
832 346 984 390 Mazza
999 376 1013 396 ,
1043 347 1257 390 ad'exclu-

288 409 445 452 fionem
494 409 668 451 aliarum
716 409 956 451 Puellarum
999 409 1257 451 Nobilium.»

285 483 523 512 exterarum
540 497 554 518 ,
587 483 671 512 non
690 465 822 511 solum
844 497 858 517 ‚
889 471 991 527 quia
1007 468 1150 520 justum
1168 498 1182 519 ‚
1213 473 1258 512 δε

281 544 451 589 -aequum
468 531 524 572 est
541 559 554 578 ‚
574 529 693 588 quod
707 530 930 572 Nobilitas
946 531 1253 579 Salernitana-1,

287 605 380 650 quae
399 589 640 644 hujusmodi
668 605 823 647 graves
839 590 1042 649 expensas
1061 595 1100 635 &
1120 604 1254 634 onera

285 652 476 695 sustinuit
492 681 506 702 ‚
538 656 578 695 &
600 650 773 694 sustinet
792 666 871 708 pro
899 651 1075 709 praefato
1095 654 1168 694 Mo
1179 665 1251 694 na-

279 715 412 758 'sterio
426 743 438 763 ‚
456 711 609 755 sentiat
625 713 711 755 hoc
723 714 999 754 commodum
1013 741 1026 761 ‚
1061 724 1105 756 ut
1120 715 1171 755 ab
1195 725 1249 755 eo

284 776 552 830 recipiantur·
573 773 666 825 ejus
682 772 836 814 Puellae
868 773 1064 815 Nobiles
1083 802 1099 823 ‚
1130 777 1169 816 δι
1187 774 1250 815 hae

283 846 439 891 utpote
453 834 722 890 originariae,
754 836 795 877 &
810 834 1082 877 benemeritae
1100 832 1250 891 praefe-

281 908 430 938 rantur
444 896 605 937 exteris
619 923 633 944 ‚
649 895 747 937 cum
767 895 909 938 omnis
922 895 1105 949 juridica
1121 896 1250 953 aequi-

283 969 351 999 tas
378 956 526 1011 exigat
541 984 555 1003 ‚
589 955 709 1013 quod
728 957 891 997 caeteri's
908 957 1080 1012 paribus
1098 958 1249 1013 potius

280 1018 427 1061 veniat
438 1017 706 1058 admittenda
722 1017 868 1059 Puella
885 1044 899 1065 ‚
923 1031 975 1059 ex
992 1018 1111 1070 cujus
1129 1019 1250 1060 Avo-

280 1092 402 1126 rum,
427 1078 749 1122 &proavorum
784 1077 914 1120 bonis
947 1076 1170 1121 fundatum
1190 1078 1248 1120 est

277 1138 582 1183 Monasterium
594 1167 609 1187 ‚
625 1151 751 1195 quam
767 1138 956 1195 paenitus
972 1151 1188 1188 extranea,
1205 1143 1247 1182 δε

284 1201 517 1257 originaria
531 1201 674 1256 potius
688 1227 703 1247 ‚
736 1203 777 1243 ἃ
790 1200 924 1258 magis
945 1199 1216 1257 qualificataa
1230 1228 1245 1249 ‚

281 1260 413 1318 quam
432 1273 517 1302 non
537 1260 771 1318 originaria
787 1288 800 1309 ,
823 1260 941 1310 juxta
956 1261 1071 1320 Gloffi
1087 1261 1128 1303 in
1147 1265 1245 1303 Can.

279 1321 487 1364 Neminem
501 1321 591 1375 dist.
609 1333 683 1371 70.
700 1324 791 1363 Rot.
806 1321 855 1369 ins
866 1322 1054 1364 Alatrina
1063 1322 1245 1376 juri-'spa-

277 1392 465 1425 tronatus
484 1395 502 1422 1
514 1381 681 1441 5.‘Junii
701 1393 831 1433 1705.
849 1386 892 1430 §-
909 1389 998 1427 Non
1013 1381 1244 1437 obstante„

279 1442 332 1485 (θ’
345 1457 388 1494 7.
418 1442 647 1486 Decembris
679 1443 853 1495 ejusdem
867 1443 964 1485 anni
978 1458 1113 1486 coram
1129 1445 1243 1486 Emi-

276 1503 443 1554 nentisr.
459 1507 590 1545 Scotto
606 1520 618 1550 ς
650 1507 694 1546 &
710 1504 815 1547 alias
833 1506 1108 1549 auetoritates
1126 1503 1243 1560 supe-

221 1582 277 1611 10
293 1565 381 1606 rius
395 1564 556 1607 relatas
580 1568 682 1606 Can.
695 1567 768 1607 IX.
780 1570 831 1608 X.
845 1569 918 1608 XI.
935 1566 1024 1619 Cas.
1047 1569 1132 1607 VII.
1151 1567 1240 1607 Ve-

275 1639 369 1667 rum
396 1626 523 1668 etiam
540 1627 641 1684 quia
659 1626 816 1668 Puellae
848 1627 1039 1671 Nobiles
1057 1626 1241 1668 Salerni-

275 1698 386 1729 tanae
399 1687 551 1745 vigore
568 1686 892 1730 constructionis
909 1715 922 1735 ,
935 1690 975 1729 &
991 1685 1239 1728 aedisicatio-

273 1749 342 1790 nis
357 1746 543 1801 ejusdem
555 1747 800 1789 Monasterii
814 1775 828 1794 ‚
863 1747 916 1787 ab
938 1759 1080 1788 earum
1097 1746 1238 1798 Majo-

281 1808 403 1850 ribus
418 1807 536 1851 fac'tae
552 1807 806 1864 acquisitum
819 1807 1060 1859 habentius
1073 1807 1235 1864 paffivae

273 1869 539 1923 receptionis
566 1868 609 1909 in
626 1867 782 1909 eodem
799 1863 1060 1911 Monasterio
1078 1897 1090 1916 ,
1118 1868 1237 1919 juxta

272 1926 593 1985 dispositionem
609 1927 734 1979 hujus
757 1927 926 1970 canonis
940 1957 954 1977 ,
985 1932 1026 1971 δε
1043 1928 1097 1970 ad
1113 1929 1238 1972 Text.

273 1989 318 2031 in
345 2003 432 2031 can.
445 1988 557 2030 Filiis
574 2017 588 2037 ‚
620 1989 695 2031 vel
712 1988 930 2043 Nepotibus·
943 2016 957 2037 ,
989 1989 1040 2032 ὢ·
1057 2003 1142 2031 can.
1161 1990 1237 2032 Piae

272 2050 417 2092 mentis
439 2063 455 2090 1
466 2054 507 2090 6.
518 2062 608 2107 q.7.
621 2049 867 2092 Lambertin.
879 2051 926 2091 de
936 2050 1188 2105 jurepatdib.
1195 2065 1234 2104 3.

269 2126 313 2167 q.
331 2124 489 2153 nnum.
509 2125 576 2151 10.
592 2139 606 2159 ‚
638 2110 772 2154 &tila
796 2123 833 2150 1.
858 2123 899 2165 p.
923 2124 958 2151 1.
974 2121 1059 2152 art.
1076 2124 1114 2151 2.
1132 2127 1173 2168 q.
1193 2125 1235 2162 7.

268 2175 423 2214 Lotter.
438 2173 487 2214 de
499 2186 544 2213 re
554 2170 679 2226 benefi
697 2171 811 2214 lib-2.
825 2172 1154 2227 q.4.Rot.decis·6
1165 2185 1181 2213 1
1194 2184 1213 2223 5
1222 2202 1234 2214 .

269 2247 379 2275 num.
399 2246 438 2273 2.
451 2245 497 2288 p.
523 2245 560 2274 1.
577 2246 658 2273 rec.

213 2313 231 2343 1
246 2315 263 2343 1
328 2296 482 2352 quue
501 2294 720 2349 potentius
738 2293 780 2335 in
796 2289 890 2335 casu
912 2296 1054 2338 nostro
1075 2295 1145 2336 ubi
1159 2307 1234 2336 an-

269 2354 437 2412 tiquata
468 2354 629 2409 irrepsit
661 2351 931 2396 consuetudo
949 2370 1024 2411 per
1041 2357 1234 2411 gemina..-

265 2414 418 2456 saecula
435 2411 662 2456 observata
677 2440 690 2460 ,
707 2417 747 2455 &
765 2427 979 2471 nunquam
997 2416 1234 2470 interrupta

264 2472 430 2532 semper
445 2472 701 2515 admittendi
717 2473 884 2515 Puellas
900 2475 1131 2516 Nobilium
1148 2473 1236 2518 abs-

264 2549 352 2594 que
368 2535 510 2593 aliqua
528 2534 844 2590 interruptione
863 2561 876 2583 ‚
909 2538 947 2577 δι
968 2531 1125 2593 absque
1153 2551 1205 2579 eo
1220 2563 1235 2586 ‚

267 2596 392 2654 quod
409 2595 614 2652 praediCtae
628 2594 845 2636 Moniales
861 2595 1045 2652 allegare
1063 2596 1236 2639 valeant

263 2658 436 2700 unicum
452 2656 706 2712 exemplum,
724 2656 843 2713 quod
860 2670 938 2698 nec
955 2656 1115 2712 abjpfis
1132 2687 1144 2706 ,
1160 2672 1236 2700 ne·

263 2731 352 2776 que
380 2719 433 2759 ab
448 2718 637 2775 antiquis
656 2716 918 2759 Monialibus
936 2716 1064 2759 fuerit
1086 2719 1234 2761 Puella

263 2779 494 2822 Nobilium
514 2775 1032 2836 S;11ernireprobata,quae
1049 2778 1116 2821 bis
1132 2793 1235 2822 cen-

267 2840 433 2882 tenaria
449 2867 464 2888 ,
481 2842 521 2881 &
537 2838 646 2881 ultra
663 2835 852 2895 possessio
869 2852 996 2882 nemo
1017 2853 1103 2882 non
1118 2840 1237 2883 videt

266 2912 475 2958 quantum
520 2897 718 2941 conferat
765 2899 820 2941 ad
853 2900 1235 2943 concludendum.)

263 2961 433 3003 Puellas
451 2960 644 3003 Nobiles
667 2959 954 3003 Salernitanas
976 2961 1136 3003 habere
1150 2961 1236 3015 jus,

262 3033 312 3062 ut
343 3022 628 3063 admittantur
656 3049 672 3070 ‚
715 3024 757 3063 δε
784 3022 1045 3078 recipiantur
1078 3022 1122 3063 in
1148 3023 1235 3065 hoc

270 3081 534 3124 Monasterio
563 3081 617 3123 ad
646 3080 934 3124 exclusionem
965 3093 1236 3124 exterarum„-

264 3140 382 3194 juxta
413 3142 530 3184 Bald.
545 3142 589 3183 in
601 3142 629 3182 l.
650 3154 687 3181 1.
703 3155 812 3183 num.
829 3154 869 3194 3.
901 3144 945 3184 in
949 3143 1030 3198 fin.
1034 3143 1088 3201 ff
1090 3142 1234 3197 famil.

265 3201 414 3251 Ercisc.
446 3201 655 3256 Masi-ard.
687 3202 734 3243 de
750 3204 914 3258 probat.
943 3204 1103 3256 cotisislt.
1134 3215 1236 3256 540.

262 3274 367 3302 num.
387 3272 407 3298 2
418 3271 458 3310 3.
481 3262 530 3303 &⁶
544 3262 646 3303 alios
658 3277 756 3318 quos
770 3291 785 3313 ,
800 3263 927 3318 refert
954 3266 1047 3306 Rot.
1062 3264 1104 3305 in
1117 3265 1238 3307 Cala-

263 3321 404 3363 ritana
419 3323 608 3374 Cappellae
631 3336 699 3375 14.
714 3323 850 3383 {Junitl
878 3337 929 3376 17
941 3337 957 3364 1
968 3338 1007 3378 3.
1025 3329 1063 3373 §.
1081 3330 1133 3368 Et
1132 3326 1237 3378 stane

266 3394 406 3424 coram
423 3382 518 3421 ΗΛ).
526 3385 577 3422 D.
593 3386 788 3425 Lancetta
805 3412 818 3425 .

212 3456 262 3484 12
327 3438 504 3499 Absque
525 3454 579 3482 eo
598 3468 612 3489 ‚
629 3443 748 3497 quod
762 3445 803 3485 in
821 3445 996 3488 minimo
1011 3446 1236 3501 perturbet

265 3500 578 3545 animadversio
613 3514 638 3542 a
651 3501 827 3557 praefato
856 3505 1047 3549 Domino
1082 3506 1235 3549 Advo-

263 3573 364 3605 cato
381 3560 577 3619 superius
606 3566 645 3609 §-
662 3564 717 3604 Et
720 3563 851 3616 solum
867 3566 1053 3608 excitata
1065 3593 1077 3614 ,
1109 3567 1236 3608 nimi-

713 228 1211 296 Commentaria
1243 229 1327 297 ad
1362 227 1646 319 singulos
1675 236 1979 330 Canones
2019 278 2029 284 -

1375 360 1494 396 rum,
1527 347 1647 406 quod
1663 348 1889 391 Nobilitas
1919 346 2085 392 Salerni
2107 350 2150 394 in
2168 350 2343 394 iimi‘na

1378 408 1703 452 constructionis
1713 438 1728 459 ‚
1746 413 1789 453 &
1799 409 2041 452 dotationis
2052 408 2177 466 ipsius
2190 412 2344 455 Mona·-

1376 469 1487 511 sterii
1519 483 1608 512 non
1633 470 1707 513 fibi
1739 466 2021 513 reservaverit
2047 469 2248 526 expresse
2263 472 2345 516 hu·

1373 528 1632 584 jusmodijus
1643 529 1792 574 favore
1806 532 2070 588 propriarum
2086 531 2343 583 Puellarum,

1375 592 1583 650 quodque
1598 604 1827 648 propterea
1856 593 1924 648 pia
1936 592 2200 648 elargitione
2215 621 2229 642 ,
2260 607 2340 650 pto

1374 653 1637 709 acquirenda
1668 653 1933 695 benemerita
1973 651 2253 709 processerint
2285 653 2340 696 ad

1373 712 1647 756 dotationem
1659 742 1673 762 ‚
1687 713 2046 758 constructionem
2061 741 2076 762 ‚
2102 718 2143 757 &
2156 712 2340 758 aedifica-

1374 773 1539 816 tionem
1554 797 1568 822 1,
1600 786 1646 817 ut
1661 776 1844 817 innuunt
1856 775 1981 816 card.
1997 774 2045 816 de
2058 778 2151 817 Luc.
2167 776 2343 829 dejure-

1365 844 1460 889 pat.
1491 834 1533 875 di
1551 849 1584 875 c.
1602 846 1674 885 57.
1704 849 1809 876 num.
1826 846 1866 886 5.
1898 839 2054 878 Lotter.
2081 837 2129 877 de
2159 850 2204 877 re
2216 836 2343 891 benefi

1372 894 1440 938 lib.
1459 909 1502 936 2.
1514 910 1556 952 q.
1572 907 1732 946 7.,num.
1753 909 1796 949 7.
1811 924 1827 947 ,
1841 895 1895 939 ό·
1908 895 2046 954 quaest.
2065 908 2105 949 3.
2117 911 2223 938 num.
2242 910 2311 940 20.
2325 926 2343 948 ,

1374 954 1527 1013 &fiq-
1768 992 1770 995 ,
1903 994 1909 999 .
1999 996 2002 998 .
2248 998 2252 1004 .

1375 1032 1379 1041 “
1433 1018 1652 1074 Qoniam
1671 1017 1767 1061 ciim
1785 1016 1873 1075 ipsa
1891 1017 2114 1062 Nobilitas
2130 1019 2174 1061 in
2191 1018 2341 1075 primis

1367 1078 1592 1122 devenerit
1609 1079 1785 1121 ad-hanc
1801 1079 2218 1129 construfflonem&
2232 1079 2336 1124 aedi-

1366 1137 1623 1183 ficationem.
1643 1141 1900 1198 erogatione
1927 1140 2120 1196 ingentis
2135 1141 2336 1197 pecunia-

1367 1213 1460 1241 rum
1487 1198 1651 1242 summae
1684 1201 2049 1244 inexecutionem
2080 1201 2212 1246 Bullae
2227 1201 2338 1245 Sixti

1364 1261 1420 1302 V·
1436 1262 1727 1317 praecipientis
1748 1262 1870 1319 quod
1890 1263 1932 1306 in
1951 1261 2109 1305 eodem
2126 1261 2342 1313 Menaste-

1368 1321 1436 1363 rio
1468 1322 1773 1365 tantummodo
1791 1324 2052 1380 recipiantur
2071 1323 2228 1367 Puellae
2241 1324 2344 1367 No·-

1370 1382 1541 1431 bilium‚
1563 1387 1601 1425 &
1619 1382 1670 1425 sic
1689 1383 1743 1426 ad
1764 1384 1873 1426 hunc
1887 1382 2014 1426 finem
2033 1385 2135 1426 utin
2151 1397 2206 1426 eo
2222 1385 2337 1427 reci-

1367 1455 1570 1499 perentur
1582 1445 1763 1499 propriae
1779 1444 1893 1486 Filiae
1911 1444 2097 1487 Nobiles
2113 1472 2127 1495 ‚
2159 1445 2260 1491 hinc
2272 1443 2333 1496 li-

1364 1516 1435 1545 cet
1453 1517 1538 1546 non
1557 1502 1755 1560 expresse
1782 1503 1854 1547 fibi
1881 1503 2166 1551 reservaverit
2194 1504 2339 1559 hujus-

1366 1564 1484 1606 modi
1510 1565 1575 1616 jus
1592 1563 1752 1621 paffivae
1767 1567 2034 1623 receptionis
2049 1595 2062 1615 ‚
2085 1566 2171 1609 hoc
2190 1577 2338 1611 tamen

1359 1638 1440 1679 pro
1460 1624 1550 1676 ejus
1562 1624 1850 1683 acquisitione
1869 1640 1955 1670 non
1980 1627 2240 1683 requiritur3
2254 1624 2339 1670 suf-

1358 1683 1450 1727 ficit
1482 1686 1594 1727 enim
1627 1685 1749 1743 quod
1775 1683 1862 1742 ipsa
1898 1686 2122 1729 Nobilitas
2137 1686 2244 1729 istud
2259 1687 2330 1741 jus

1360 1759 1447 1788 non
1475 1741 1682 1788 remiserit
1700 1775 1713 1793 ,
1746 1742 1815 1788 seu
1833 1746 1966 1788 tacite
2004 1746 2113 1789 illud
2141 1744 2332 1801 reserva-

1357 1808 1468 1850 verit
1482 1807 1602 1860 juxta
1612 1805 1859 1848 Lambertin.
1877 1807 1926 1847 de
1935 1804 2187 1860 jur-epanlt'b.
2203 1820 2328 1863 1.p.1.

1356 1883 1397 1924 q.
1422 1880 1463 1909 2.
1478 1879 1561 1909 art.
1575 1880 1617 1919 4.
1638 1882 1744 1908 num.
1769 1881 1803 1908 1.
1827 1870 1916 1910 Rot.
1932 1867 2048 1920 decis:
2067 1878 2142 1919 4²·
2159 1881 2265 1912 num.
2287 1882 2330 1911 2.

1349 1940 1393 1983 p.
1413 1943 1542 1969 z.rec.
1561 1957 1576 1978 ,
1590 1931 1629 1970 δε
1644 1928 1748 1970 alias
1766 1929 2102 1972 austoritatesin
2120 1928 2332 1986 Superio-

1358 1990 1394 2031 ri
1411 1989 1511 2042 Casu
1527 1993 1571 2031 V.
1588 2003 1698 2030 num.
1717 1999 1753 2029 1.
1771 1989 1934 2031 relatas
1948 2020 1959 2031 .

1302 2061 1352 2101 13
1419 2049 1550 2104 Qod
1577 2061 1718 2091 autem
1752 2049 1923 2105 praefata
1943 2050 2170 2099 Nobilitas
2187 2049 2333 2103 tacite

1355 2107 1638 2153 reservaverit
1660 2111 1724 2162 jus
1744 2110 1851 2153 istud
1873 2110 2031 2167 passivae
2057 2113 2329 2168 receptionis

1355 2170 1397 2212 in
1415 2172 1528 2214 dieo
1563 2170 1823 2216 monasterio
1852 2186 1932 2228 pro
1960 2173 2120 2215 Puellis
2138 2172 2321 2217 Nobili-

1353 2231 1433 2273 bus
1450 2232 1563 2274 clare
1578 2230 1812 2274 desumitur
1828 2245 1880 2274 ex
1901 2230 2124 2277 subsecuto
2139 2230 2294 2277 effectu
2308 2261 2326 2284 ‚

1355 2291 1455 2334 dum
1471 2321 1484 2339 ,
1499 2304 1543 2334 ut
1562 2292 1676 2340 dixi,
1710 2306 1785 2349 per
1802 2295 1972 2348 gemina
1989 2290 2139 2336 saecula
2154 2322 2169 2342 ,
2199 2297 2245 2338 &
2258 2294 2326 2338 ul*-

1354 2364 1421 2395 tra
1452 2350 1615 2411 semper
1629 2354 1673 2395 in
1690 2367 1743 2396 eo
1761 2350 1939 2396 admissae
1972 2353 2146 2397 fuerunt
2164 2354 2326 2404 Puella

1356 2413 1527 2456 nobiles
1543 2414 1819 2457 Salernitanae
1837 2443 1850 2463 ‚
1877 2418 1918 2457 &
1934 2413 2150 2459 Moniales
2167 2416 2211 2460 in
2223 2426 2326 2465 tan-

1356 2485 1404 2516 to
1423 2476 1633 2531 temporis
1649 2473 1770 2517 cursu
1790 2488 2020 2533 numquam
2053 2474 2158 2518 ausae
2173 2472 2267 2518 sunt
2284 2474 2338 2519 il-

1356 2535 1419 2576 las
1447 2536 1679 2578 excludere
1700 2565 1714 2584 ‚
1747 2540 1787 2578 &
1817 2550 1900 2592 prae
1933 2549 2076 2579 earum
2094 2534 2332 2589 effraenata.»

1362 2594 1591 2639 voluntate
1625 2596 1850 2639 admittere
1882 2598 2030 2652 potius
2062 2609 2285 2645 extraneas
2315 2611 2330 2644 ς

1366 2658 1470 2713 Qae
1483 2654 1555 2700 bis
1561 2659 1804 2700 centenaria
1818 2655 2007 2713 poffeffio
2022 2658 2136 2714 clare
2152 2657 2337 2701 convin-

1361 2718 1422 2758 cit
1441 2716 1658 2771 ptaefatum
1677 2718 1742 2770 jus
1760 2717 1922 2774 paffivae
1936 2719 2202 2775 receptionis
2214 2731 2332 2763 non-u

1356 2775 1474 2820 fuisse
1492 2778 1515 2821 a
1538 2778 1789 2821 Nobilitate
1808 2775 2019 2822 remissum
2035 2806 2046 2825 ‚
2078 2776 2152 2822 sed
2175 2779 2333 2822 tacite,

1356 2835 1616 2882 reservatum
1633 2837 1784 2882 favore
1799 2841 2067 2895 propriarum
2083 2839 2328 2884 Puellarum

1355 2898 1475 2952 juxta
1489 2900 1766 2944 austeritates
1795 2897 1984 2957 superius
2004 2900 2162 2943 relatas
2191 2904 2231 2949 ς.
2249 2903 2328 2942 Eo-

1356 2973 1434 3015 que
1446 2959 1651 3014 potentius
1666 2989 1677 3000 .
1710 2961 1897 3018 Hocque
1930 2961 2043 3003 idem
2073 2961 2138 3014 jus
2166 2958 2329 3017 pasiivae

1360 3020 1631 3077 receptionis
1676 3021 1963 3077 comprobant
2000 3021 2330 3065 denominatio-
2375 3054 2377 3056 -

1353 3094 1433 3123 nes
1446 3085 1513 3130 ,δε
1528 3082 1755 3124 innumerae
1769 3082 2062 3131 enunciativae,
2079 3083 2237 3140 quibus
2255 3095 2329 3126 ex·

1358 3142 1555 3197 primitur
1571 3170 1585 3190 ,
1616 3145 1656 3184 &
1673 3142 1980 3185 denominatur
1995 3142 2328 3194 Monasteriuma

1360 3200 1441 3244 esse
1458 3202 1687 3247 Nobilium
1704 3203 1824 3255 juxta
1853 3208 1946 3246 Rot.
1961 3202 2077 3257 decis.
2095 3216 2115 3244 2
2130 3217 2145 3245 1
2160 3217 2196 3244 1.
2228 3216 2267 3243 n.
2286 3213 2324 3242 1.

1359 3261 1483 3318 infin.
1494 3275 1537 3318 p.
1549 3276 1582 3303 1.
1600 3262 1650 3306 ὠ*
1666 3263 1807 3317 dectss3
1817 3268 1888 3304 60.
1904 3278 2013 3306 num.
2036 3276 2079 3315 3.
2094 3264 2325 3318 &seqq-2·

1358 3321 1409 3365 (φ’
1427 3324 1543 3377 decis.
1562 3336 1659 3374 172.
1675 3339 1778 3365 num.
1796 3338 1837 3378 3.
1853 3323 1903 3367 ἐφ’
1916 3323 2029 3378 ΑεσξΙΞ
2053 3328 2154 3367 661.
2170 3334 2329 3364 numa.

1287 3394 1291 3399 ‘
1357 3382 1503 3440 &seq.
1514 3396 1558 3439 p.
1577 3398 1619 3436 3.
1633 3398 1713 3426 rec.

1417 3444 1700 3487 Admittimus
1727 3473 1741 3493 ,
1772 3447 1813 3488 &
1831 3444 2039 3493 cuilibet,
2071 3443 2115 3486 in
2131 3443 2326 3487 materiis

1357 3503 1658 3548 Ecclesiasticis
1677 3502 1844 3547 versato
1862 3505 2110 3549 notiffimum
2129 3503 2327 3563 est3quod

1355 3578 1485 3607 nemo
1516 3565 1560 3609 in
1577 3564 1751 3610 domum
1782 3565 1963 3610 alienam
1997 3565 2157 3614 intrare
2186 3565 2327 3624 potest

2213 3639 2331 3671 mvso
