2456 3802
436 221 534 283 De
547 219 758 308 Jurep.
781 216 992 284 Par-ll.
1013 220 1174 282 Can.

1165 345 1232 375 tut
1254 331 1493 377 nonsoliim
1513 336 1566 377 ad
1595 333 2111 395 acquirendumJuspatto
2128 339 2146 372 ·'-

203 366 927 432 ARGUMENTUM.

58 470 349 530 Consensus
367 468 611 547 Episcopi
630 464 902 544 requisitus
919 467 985 521 ad
1002 466 1075 522 ef-

136 555 339 609 fectum
370 551 678 625 acquirendi
700 544 1078 621 Jurispatrona-

139 651 223 688 tus
244 629 528 692 Beneficii,
563 628 806 707 quando
793 628 1078 681 interveni-

140 733 198 767 re
229 709 417 766 debeat
446 731 510 766 ex
530 707 715 786 quibus
749 703 908 761 tacite
928 706 1082 760 indu-

137 811 326 853 catur,
360 796 416 847 &
446 811 511 845 an
545 786 828 864 Episcopus
847 786 1079 861 compel-

140 871 178 926 ii
197 870 350 946 poffit
367 873 434 926 ad
453 865 892 926 consentiendum
909 891 923 932 3
943 872 998 922 &
1014 889 1079 924 an

139 953 362 1027 praestari
381 949 553 1007 valeat
570 969 664 1025 per
682 951 1011 1006 inferiorem.

258 1072 286 1114 S
316 1072 359 1112 U
386 1073 431 1114 M
466 1071 510 1112 M
541 1070 581 1114 A
613 1071 648 1112 R
679 1071 697 1112 Ι
728 1070 771 1110 U
799 1071 873 1112 M.

101 1163 120 1192 1
155 1153 360 1209 Episcopus
356 1158 405 1212 fi
399 1158 460 1212 sit
474 1155 676 1199 Fundator
693 1155 868 1210 beneficii
876 1170 950 1197 non
957 1151 1081 1209 potest

186 1215 446 1258 auft‘orizare
469 1215 576 1257 illius
600 1215 831 1259 erectionem
854 1231 938 1257 cum
953 1215 1083 1269 reser-

190 1275 356 1318 vatione
363 1277 707 1332 jurispatronatus
721 1309 733 1320 .

102 1346 124 1374 2
160 1337 369 1391 Confinsus
384 1339 581 1381 Ordinari
592 1339 815 1396 requiritur
831 1352 906 1380 non
909 1337 1081 1391 salutm-⁸

189 1397 246 1438 ad
255 1398 540 1453 acquirendum
551 1401 866 1459 “Juspatronatus
879 1400 1082 1446 activum,

189 1472 334 1500 verum
350 1461 475 1503 etiam
482 1462 679 1519 paffl'vum
694 1490 705 1503 .

101 1531 124 1572 3
160 1520 369 1572 Consensus
398 1522 609 1565 ordinarii
634 1523 792 1578 quando
833 1519 1084 1563 intervenire

188 1579 327 1622 debeat
341 1583 360 1623 ?

96 1653 145 1693 4,
159 1642 360 1698 Episcopus
382 1656 457 1699 pro
481 1643 730 1700 prestatione
759 1641 975 1698 hujusmodi
999 1655 1085 1682 con-

176 1700 335 1758 sedus,
351 1720 426 1747 non
434 1705 562 1759 potest
572 1715 782 1759 tamquam
798 1719 852 1746 ex
863 1702 990 1744 debito
1005 1702 1083 1743 ali-

186 1767 291 1822 quod
303 1780 442 1807 munus
455 1765 617 1822 exigere
634 1766 661 1806 d
676 1766 897 1807 Fundatore
909 1792 920 1803 .

103 1835 123 1874 ς
161 1831 223 1868 An
248 1826 476 1878 hujusmodi*
495 1825 694 1879 consensus
711 1826 836 1868 tacite
869 1825 1083 1866 inducatur

185 1899 240 1928 ex
259 1885 477 1943 admiffi'one
487 1886 841 1941 praefintationum
855 1915 868 1935 ‚
885 1886 934 1930 &⁴
950 1900 1004 1928 ex
1020 1885 1082 1926 in-

163 1944 450 1998 'stitutionibus
468 1977 479 1988 .

101 2009 127 2045 6
159 2007 363 2062 Episcopus
377 2009 550 2063 compelli
554 2006 677 2063 potest
687 2008 748 2049 ad
755 2008 1081 2062 consentiendum,

139 2074 144 2079 '
175 2070 224 2125 st
235 2068 376 2124 absque
391 2069 570 2125 legitima
589 2070 702 2122 causa
732 2069 827 2111 nolit
845 2069 1057 2122 consentire
1072 2098 1084 2110 .

101 2139 127 2178 7
158 2128 354 2170 Praelatus
370 2129 538 2182 inferior
554 2130 701 2172 habens
730 2129 1083 2184 jurt‘sdiHionenL,

187 2192 304 2246 quast
329 2190 584 2244 Episcopalem
606 2190 732 2246 potest
751 2189 938 2247 praestare
953 2190 1085 2244 hujus-

142 2256 145 2260 ’
187 2250 292 2292 modi
305 2252 548 2303 consensum.

99 2310 126 2350 8
156 2310 338 2354 Vicarius
354 2311 561 2354 Generalis
577 2312 754 2367 Episcopi
758 2312 882 2366 potest
897 2311 1085 2365 consenti-

186 2386 232 2414 re
244 2372 514 2425 refirvationi
522 2373 879 2427 jurispatronatus,
883 2375 929 2428 st
938 2371 1083 2446 habeat

171 2429 350 2487 speciale
362 2434 524 2474 mandat
530 2448 596 2474 um
609 2432 806 2488 Episcopi,

100 2506 125 2543 9
143 2492 385 2547 Capitulum
387 2493 487 2546 sede
501 2505 702 2543 vacante,
722 2492 847 2548 potest
858 2492 1081 2548 proestare..-

188 2552 340 2596 diHum
355 2555 574 2608 consensum
586 2584 598 2596 .

367 2650 667 2692 CASUS
726 2649 796 2691 11.

188 2742 332 2784 Ertum
362 2740 446 2783 est
433 2753 549 2794 juxta
572 2742 748 2796 primam
773 2743 1082 2799 conclusionem,

206 2801 325 2860 quod
353 2801 406 2844 ad
437 2800 1084 2860 acquirendumJuspatronatus

129 2863 371 2921 requiratur
387 2859 611 2906 consensus
630 2861 828 2920 Episcopi
845 2864 959 2907 illius
979 2865 1083 2913 loci,

126 2922 171 2965 in
189 2937 277 2981 quo
293 2921 523 2972 fundatur,
551 2924 835 2974 construitur,
852 2928 892 2967 &
912 2924 1085 2966 dotatur

126 2982 338 3037 Ecclesia,
367 2988 406 3026 &
438 2985 553 3026 illius
587 2981 814 3040 Episcopi,
844 2986 1062 3043 quinoni
1037 2984 1084 3027 fit

72 3056 92 3085 ι
129 3044 345 3086 Fundator
360 3044 575 3093 Beneficii,
592 3046 750 3086 etenim
768 3044 794 3086 fi
810 3044 855 3086 fit
872 3045 1085 3087 Fundatot

127 3101 356 3152 Beneficii,
385 3109 424 3147 &
441 3105 494 3146 de
527 3105 711 3160 propriis
738 3104 867 3147 bonis
884 3105 991 3147 iliud
1007 3106 1087 3147 eri-

126 3176 200 3220 gat
212 3177 304 3206 cum
322 3162 609 3208 reservatione
619 3162 984 3222 Jurispatronatus
1007 3179 1084 3222 pro

127 3223 200 3274 fe,
216 3229 255 3268 &
274 3223 342 3267 sua
358 3224 518 3267 familia
533 3254 545 3275 ,
561 3239 646 3268 non
664 3226 803 3282 potest
819 3228 1085 3268 auctorizare

128 3284 237 3327 li'anc
257 3286 510 3328 erectionem
527 3314 540 3335 ,
564 3286 663 3344 quia
680 3299 820 3342 partes
830 3287 1029 3342 Judicis‚
1047 3290 1088 3329 &
1151 3298 1169 3338 5

130 3343 382 3389 Fundatoris
413 3349 454 3390 in
472 3348 752 3390 examinando
779 3347 944 3389 illarum
976 3348 1089 3399 justi-

131 3403 243 3447 tiam
249 3404 445 3450 sustinere
482 3421 566 3450 non
597 3408 734 3450 valet.
767 3413 858 3450 Rot.
887 3407 1000 3461 dects
1017 3421 1087 3449 22

131 3482 238 3515 n‘um·
255 3479 297 3522 9.
310 3473 392 3527 post
410 3470 620 3520 Monacell.
625 3468 795 3523 formul.
812 3468 928 3525 legal.
946 3479 1038 3510 tom.
1047 3482 1086 3524 ‚²-

75 3550 96 3578 2
130 3534 185 3578 Et
200 3532 373 3591 quid'er'n
391 3531 629 3590 hujusmodi
660 3526 888 3575 consensus
905 3530 1089 3588 requiri-

11 3595 14 3597 ’
143 3607 145 3610 ’
195 3598 298 3636 Pars
312 3596 374 3636 II.

1143 1252 1164 1292 3

1141 2033 1171 2074 4

1197 216 1636 284 xxv111.(:afi
1658 219 1728 282 11.
2020 245 2060 307 >5
2071 231 2158 308 79

1195 405 1317 436 natus
1351 397 1528 438 astivum
1555 425 1568 445 ‚
1599 399 1744 440 verum
1774 399 1900 438 etiam
1933 397 2154 453 passivum..-

1194 458 1287 496 Rot.
1302 454 1344 495 in
1359 456 1507 498 Vaden.
1520 457 1782 498 Canonicatus
1797 472 1817 510 3
1827 472 1865 498 0.
1878 457 2000 515 ⁶Junii
2021 471 2037 497 1
2047 470 2150 509 704.

1195 517 1235 561 §.
1258 516 1370 555 Secus
1397 529 1531 556 coram
1554 518 1640 558 bon.
1676 530 1789 558 mem.
1823 519 2052 559 Reverendi
2094 534 2151 559 mo

1198 574 1291 617 Mol
1296 575 1378 615 ines
1395 603 1406 614 .

1251 634 1380 676 Unde
1395 636 1594 691 quaeritur
1613 638 1654 677 in
1671 636 1753 677 hoc
1780 635 1890 680 Casu
1906 654 1918 682 ς
1947 638 2084 679 Primo
2099 663 2142 672 -

1195 696 1370 756 Qando
1403 695 1618 747 hujusmodi
1661 695 1855 750 consensus
1897 696 2148 739 intervenire

1201 757 1342 797 debeat
1356 757 1374 796 ἓ

1255 815 1455 857 Secundo
1489 841 1528 850 -·-
1558 821 1618 857 An
1637 817 1759 858 tacite*
1774 817 1987 859 inducatur
2016 829 2069 858 ex
2084 817 2156 856 ad-

1196 875 1357 932 miffl‘one
1367 874 1802 931 praesentationum‚seu
1819 893 1872 921 ex
1890 876 2157 928 institutioni-

1201 934 1408 988 busfaHis
1420 948 1493 989 per
1509 936 1729 991 Episcopum
1747 967 1757 977 .

1257 996 1410 1039 Tertio
1430 1023 1469 1029 --
1501 1003 1563 1038 An
1577 997 1774 1051 Episcopus
1793 998 1966 1052 compelli
1972 997 2081 1055 poffl't
2094 999 2149 1038 ad

1203 1056 1517 1108 consentiendum
1532 1087 1544 1098 .

1259 1117 1422 1175 Qarto
1448 1124 1483 1152 ;.
1505 1123 1565 1160 An
1581 1118 1765 1172 praestarri
1782 1118 1879 1176 poff
1860 1130 1894 1160 t
1903 1130 1976 1173 per
1990 1118 2153 1172 infi’rio-

1203 1191 1286 1218 rem
1301 1180 1320 1220 ᾗ

1256 1238 1411 1296 Quoad
1429 1239 1606 1294 primum
1641 1236 1795 1282 censeo
1811 1237 2057 1282 consensum
2073 1241 2157 1280 Or-

1199 1297 1350 1340 dinatii
1385 1300 1641 1341 intervenire
1674 1300 1864 1348 debere,
1905 1301 1974 1342 vel
2005 1301 2046 1340 in
2065 1303 2156 1341 adu

1200 1359 1543 1407 constructionis,
1560 1358 1845 1408 fundationis,
1859 1364 1896 1402 &
1917 1361 2154 1402 dotationis

1204 1418 1394 1460 Ecclefiae
1412 1448 1426 1468 2
1440 1420 1510 1461 vc}
1525 1433 1575 1461 ex
1593 1420 1681 1475 post
1699 1448 1712 1467 ‚
1732 1424 1772 1462 δε
1788 1433 1886 1462 tunc
1903 1421 2102 1477 quando
2090 1435 2156 1463 in-

1205 1482 1391 1521 tervenit
1407 1508 1420 1528 ,
1437 1479 2008 1537 acquiriturJuspatronatus
2026 1509 2036 1520 .
2054 1486 2160 1522 Bar-

1200 1539 1275 1591 bost
1298 1539 1339 1578 in
1371 1540 1435 1580 hoc
1454 1544 1552 1580 Can.
1574 1543 1758 1582 XXVIII.
1787 1555 1893 1581 num.
1914 1554 1952 1581 2.
1988 1542 2156 1581 Gonzal.

1200 1612 1349 1639 num-2.
1364 1601 1480 1641 Roob.
1499 1603 1544 1641 de
1562 1605 1676 1642 Cart.
1692 1603 1736 1643 de
1752 1603 1929 1654 jurepat.
1947 1602 2062 1642 verb.
2077 1613 2149 1655 pro

1200 1674 1243 1700 eo
1262 1674 1366 1700 num.
1389 1673 1425 1699 z.
1452 1659 1692 1702 Lambcrtin.
1723 1662 1851 1701 eodem
1879 1661 2000 1702 traH.
2029 1661 2096 1702 lib.
2119 1674 2155 1701 1.

1197 1732 1290 1774 par.
1302 1734 1336 1760 1.
1353 1735 1418 1775 qu.
1428 1734 1465 1759 2.
1479 1732 1561 1761 art.
1582 1733 1646 1760 12.
1663 1726 1792 1761 Garz.
1809 1722 1852 1762 de
1868 1722 1992 1774 benef
2004 1733 2096 1774 par.
2115 1732 2154 1770 5.

1205 1792 1287 1834 cap.
1294 1794 1333 1829 9.
1351 1794 1456 1820 num.
1475 1793 1546 1831 72·
1564 1784 1652 1821 Rot.
1670 1780 1783 1833 decis.
1801 1794 1903 1831 727.
1924 1795 2027 1820 num.
2043 1781 2081 1821 8.
2096 1796 2159 1820 co-

1204 1855 1291 1881 ram
1308 1841 1458 1882 Ubaldo
1470 1868 1484 1889 ‚
1513 1838 1587 1882 &⁹
1573 1852 1614 1880 tn
1630 1837 1778 1879 Tude-n.
1794 1841 1983 1894 Coppelle
1996 1854 2014 1879 2
2024 1855 2063 1893 3.
2083 1842 2163 1900 ‘Ja-

1202 1915 1317 1941 nuar.
1335 1911 1462 1951 1705.
1480 1904 1661 1956 §.Neque
1676 1898 1799 1950 obstat
1818 1914 1962 1941 coram
1977 1899 2164 1941 Eminen-

1204 1960 1284 2020 ttſj'*
1280 1977 1337 2002 mo
1353 1964 1510 2002 Scotto.

1262 2020 1493 2078 Episcopus
1512 2032 1649 2062 autem
1670 2035 1745 2076 pro
1763 2021 2029 2077 praestatione
2051 2035 2158 2064 con-

1200 2080 1339 2123 sensus
1359 2083 1400 2123 iu
1414 2080 1696 2124 reservatione
1714 2079 2063 2137 jurispatronatus
2079 2111 2092 2131 ‚
2115 2086 2156 2125 &

1201 2143 1244 2184 in
1263 2141 1511 2183 fundatione
1528 2141 1800 2185 Ecclefiarum
1816 2169 1828 2191 ‚
1856 2146 1894 2186 &
1914 2141 2155 2184 beneficio-

1202 2216 1291 2258 rum
1314 2217 1396 2245 non
1426 2202 1562 2259 potest
1586 2215 1799 2260 tamquam
1832 2217 1884 2244 ex
1915 2203 2065 2246 debito
2083 2204 2162 2245 ali-

1203 2263 1325 2321 quod
1342 2268 1488 2305 munus
1511 2265 1683 2320 exigere
1702 2264 1724 2305 a
1742 2263 1980 2305 Fundatote
1997 2291 2011 2312 ‚
2034 2263 2153 2315 juxta.

1201 2325 1383 2366 T‘extum
1405 2321 1638 2378 expressum
1650 2323 1690 2362 in
1706 2329 1800 2365 Can.
1815 2323 1967 2377 placuit
1988 2337 2022 2362 1.
2037 2338 2152 2379 qu.2.

1202 2385 1261 2426 ibi
1276 2409 1317 2418 -·
1335 2384 1490 2426 Placuit
1513 2394 1557 2425 ut
1567 2383 1718 2439 quoties
1749 2384 1796 2423 ab
1811 2382 1942 2439 aliquo
1970 2382 2158 2424 Fidelium

1201 2445 1258 2486 ad
1272 2444 1564 2497 consecrandas
1581 2444 1726 2497 Ecclef
1723 2458 1768 2482 as
1786 2447 1841 2496 Ep
1847 2443 1984 2496 stopt
1969 2443 2159 2484 lavitan-

1201 2516 1300 2553 tur,
1320 2517 1393 2544 non
1421 2503 1535 2558 quast
1552 2516 1606 2544 ex
1635 2502 1764 2559 debito
1778 2515 1917 2542 munus
1939 2502 2104 2557 aliquod
2129 2517 2158 2542 a

1199 2565 1425 2604 Fundatore
1444 2562 1670 2617 requirunt,
1680 2562 1759 2615 sed
1769 2564 1815 2616 st
1824 2562 1901 2616 ipse
1916 2562 2075 2618 quidem
2090 2562 2179 2603 ali-

1202 2624 1368 2680 quidex
1386 2624 1460 2677 suo
1476 2633 1571 2665 voto
1599 2622 1821 2670 obtulerit,
1855 2637 1928 2662 non
1942 2628 2162 2677 respuant:

1202 2683 1246 2729 Si
1258 2697 1361 2724 vero
1379 2695 1450 2725 aut
1466 2694 1680 2737 paupertas
1710 2682 1847 2729 illum,
1875 2693 1946 2722 aut
1963 2682 2160 2741 neceffitas

1203 2744 1376 2792 retinet,
1409 2743 1510 2783 nihil
1525 2745 1716 2799 exigatur
1733 2743 1782 2783 ab
1801 2742 1866 2782 illo
1884 2771 1895 2782 .
1926 2746 2007 2784 Hoc
2022 2754 2159 2784 tamen

1204 2804 1460 2860 unusquisque
1476 2804 1743 2858 Episcoporum
1756 2802 1978 2843 meminerit
1990 2831 2002 2851 ‚
2024 2814 2067 2844 ut
2083 2818 2158 2844 non

1198 2865 1313 2920 prius
1342 2865 1496 2905 dedicet
1522 2863 1753 2918 Ecclzfiam,
1783 2862 1859 2918 nisi
1878 2873 1999 2904 antea
2027 2864 2159 2904 dotem

1203 2924 1399 2979 Baſsum,
1431 2924 1480 2967 ὁ
1496 2923 1713 2979 obsequium
1741 2923 1856 2976 ipsius
1878 2936 1950 2977 per
1978 2923 2161 2964 donatio-

1202 2998 1288 3027 nem
1314 2985 1499 3026 chartulae
1525 2985 1805 3038 confirmatum
1830 2983 2024 3037 accipiam
2055 2987 2160 3024 Nam

1207 3060 1283 3086 non
1295 3046 1400 3086 levis
1414 3046 1527 3099 culpa
1537 3044 1589 3096 est
1604 3042 1674 3095 ista
1685 3043 1904 3091 temeritas,
1906 3047 1951 3098 si
1946 3044 2034 3099 sine*
2046 3042 2164 3084 lumi-

1151 3148 1155 3156 ,
1204 3105 1357 3153 uariis,
1376 3105 1487 3161 velf
1484 3106 1528 3145 ne*
1538 3104 1795 3157 substantiali
1798 3105 1850 3156 s
1827 3103 2085 3155 stentatione
2098 3117 2166 3144 eo-

1206 3181 1308 3214 rum,
1324 3165 1395 3220 qui
1409 3164 1874 3218 ibidemfirviturisunt,
1894 3176 2088 3220 tanquam
2098 3166 2166 3206 do·-

1206 3240 1298 3268 mus
1306 3237 1509 3280 privata
1525 3225 1766 3279 consecretur
1785 3226 2005 3282 Ecclesia--

1266 3287 1421 3344 Qoad
1443 3285 1698 3332 sccundum;
1712 3284 1966 3336 Huiusmodi
1984 3278 2163 3329 consen-

1205 3346 1290 3389 sum
1310 3347 1551 3422 requisitum
1583 3347 1635 3388 ad
1653 3346 1977 3403 acquisitionem
1993 3341 2165 3399 jurispa-

1208 3420 1402 3450 tronatus
1420 3408 1550 3450 tacite
1565 3407 1712 3448 induci
1742 3421 1793 3451 ex
1808 3405 2045 3449 admistione
2062 3415 2165 3458 prae-

1210 3467 1533 3517 sentationum,
1562 3472 1601 3510 &
1633 3481 1683 3509 ex
1697 3466 2028 3511 institutionibus
2042 3462 2160 3504 factis

1216 3544 1294 3586 per
1310 3528 1604 3586 Episcopum1
1580 3527 1850 3584 fimpliciter,
1879 3531 1916 3568 δε
1932 3521 2174 3622 indistinid‘te'

1626 3591 1668 3631 D
1682 3591 1707 3631 d
1721 3590 1746 3630 d
1762 3589 1787 3629 d
1823 3601 1843 3626 2
2117 3596 2141 3622 o
