2456 3802
730 249 829 311 De
842 249 1316 337 Jurepatronat.
1338 246 1487 313 Par.
1510 245 1583 313 11.
1984 293 1986 297 -
2071 253 2158 311 6o
2172 267 2196 310 1

489 397 509 423 τ
530 357 607 439 C
699 359 775 436 A
869 365 954 444 N
1050 358 1129 438 O
1221 364 1308 441 N
1445 358 1510 440 X
1559 359 1626 442 X
1673 359 1774 444 ΧΥ

620 525 624 541 ·'
680 506 1436 579 INNOCENTIUS
1499 511 1628 577 ΙΙΙ.

401 647 863 723 Archidiacono
879 700 898 729 ,
933 649 1011 727 &³
1030 650 1419 721 Cancellario
1437 647 1891 738 Altffodoren.

274 792 404 857 Vm
442 778 713 878 dilestus
733 789 900 859 filius
920 841 934 857 .
984 798 1067 861 Et
1099 791 1300 860 infra:
1351 797 1533 859 Cum
1553 787 1905 856 Hostienfis
1925 786 2186 878 Episco-

290 902 411 975 pus
431 902 589 951 tunc
607 887 992 978 Apostolicae
1020 890 1204 955 Sedis
1221 892 1501 976 Legatus
1522 880 2199 951 Archidiacono'Car?

100 1000 328 1048 noten.
345 981 753 1048 mandaverit
772 1030 788 1058 ‚
819 983 888 1047 in
907 982 1258 1051 Ecclesiam
1276 1032 1293 1059 ,
1322 1005 1520 1074 quam
1540 981 1609 1046 in
1630 979 2188 1045 Archidiaconatu

101 1075 219 1142 suo
236 1124 252 1151 ‚
270 1075 486 1165 primo
508 1098 735 1142 vacare
751 1080 1180 1166 contingeret,
1203 1076 1546 1144 donationi
1563 1073 1684 1140 suae
1703 1073 2001 1148 servaret,
2024 1074 2188 1139 inhi-

104 1170 264 1237 bens
285 1171 368 1234 ne
390 1171 578 1237 alicui
595 1171 920 1239 conferret
940 1176 1345 1248 eamdem,de
1362 1196 1488 1263 qua
1505 1170 1848 1237 G.Clerico
1869 1167 2190 1259 disposue-

101 1283 200 1331 rat
221 1264 586 1356 providere,
608 1266 668 1331 δί
690 1267 970 1335 Ecclesia
995 1270 1075 1334 de
1097 1269 1415 1335 Berovilla
1437 1266 1529 1334 ibi
1549 1263 1844 1339 vacasset,
1865 1262 2045 1328 idem
2065 1266 2189 1329 Ar-

99 1358 522 1426 chidiaconus
541 1381 768 1426 contra
793 1366 1179 1429 mandatum
1201 1361 1488 1450 ejusdem
1507 1360 1755 1448 Legati,
1779 1360 1859 1423 ad
1884 1355 2086 1448 ipsam
2108 1361 2185 1422 G.

100 1451 591 1520 Subdiaconum
605 1455 1016 1544 praesentavit
1033 1505 1050 1531 ,
1068 1459 1247 1545 cujus
1263 1456 1432 1522 fa&o
1448 1456 1527 1522 ab
1545 1457 1783 1521 eodem
1803 1454 2048 1539 Legato
2064 1450 2189 1517 casz

99 1546 238 1612 sato
262 1595 278 1622 ,
318 1546 450 1637 ipse
469 1548 735 1636 praefato
776 1555 852 1615 G.
889 1551 1192 1617 conceffit
1214 1551 1563 1618 Ecclesiam
1594 1548 1677 1616 fic
1701 1564 2044 1615 vacantem
2066 1547 2185 1611 &c.

98 1644 182 1708 Et
203 1639 402 1706 infra:
440 1645 727 1707 Vacante
742 1649 900 1712 vero
924 1648 1209 1737 quadam
1229 1647 1576 1712 Praebenda
1595 1647 1662 1710 in
1681 1639 1957 1711 Ecclesia
1973 1640 2188 1705 SanSci

95 1735 374 1814 Martini
396 1738 748 1802 Carnoten.
770 1740 1049 1806 DioecesI
1074 1739 1430 1831 Episcopus
1449 1738 1693 1805 distam
1719 1736 2066 1804 Ecclefiam
2105 1735 2187 1801 ad

96 1829 666 1921 praesentationem
684 1833 1150 1902 Archidiaconi
1174 1836 1255 1900 H.
1279 1836 1560 1908 Clerico,
1584 1830 2006 1896 Praebendam
2027 1834 2186 1895 vero

0 2007 1 2016 ἵ
97 1921 365 2014 praefato
385 1927 443 1989 G
484 1921 773 2014 affignari
789 1932 1042 1996 curavit
1063 1979 1079 2005 ‚
1114 1931 1289 1996 unde
1305 1927 1435 2022 ipse
1473 1930 1554 1993 H.
1596 1923 1994 2017 supplicabat
2018 1946 2189 1997 eam-

0 2017 1 2022 ’
100 2018 254 2084 dem
275 2017 391 2085 fibi
412 2020 758 2087 Ecclesiam
777 2024 1184 2101 confirmari,
1218 2042 1450 2116 utpote
1473 2023 1623 2114 quia
1647 2022 1730 2086 ad
1752 2019 2187 2111 praesentatio-

98 2136 256 2178 nem
274 2113 742 2182 Archidiaconi
758 2121 894 2184 veri
911 2121 1174 2188 Patroni
1214 2120 1275 2185 se
1313 2119 1571 2185 dicebat
1603 2117 1917 2206 adeptum
1954 2115 2071 2180 &o
2107 2115 2189 2177 Et

100 2204 304 2272 infra:
358 2210 496 2273 Nos
518 2210 716 2298 igitur
735 2218 1143 2282 attendentes
1161 2264 1178 2291 ‚
1197 2217 1378 2306 quod
1398 2213 1510 2280 etsi
1535 2209 1828 2304 praefatus
1855 2208 2190 2275 Archidia-

102 2325 308 2368 conus
330 2323 769 2371 memoratum
787 2313 863 2372 G.
888 2327 1201 2402 tanquam
1220 2312 1450 2375 Laicus
1470 2357 1485 2384 ‚
1524 2309 1602 2374 ad
1637 2307 1816 2371 illam
1841 2301 2193 2370 Ecclesiam

102 2394 559 2489 praesentasset,
596 2399 746 2490 quia
768 2419 985 2469 tamen
1007 2429 1121 2496 per
1144 2402 1604 2472 Dioecesanum
1641 2399 2038 2489 Episcopum
2080 2397 2191 2460 ad-

101 2487 325 2557 missus
348 2515 481 2556 non
501 2490 624 2558 fuit
645 2541 661 2563 ,
692 2495 798 2562 sed
822 2498 1029 2565 diffius
1049 2502 1128 2563 H.
1151 2500 1231 2566 ab
1251 2500 1487 2564 eodem
1518 2493 2004 2561 Archidiacono
2038 2514 2191 2581 prae-

103 2584 387 2651 sentatus
410 2631 424 2660 ,
449 2590 482 2650 a
503 2587 889 2656 Dioecesano
909 2593 1231 2686 Episcopo
1253 2592 1581 2659 institutus
1603 2635 1618 2664 ,
1653 2588 1825 2675 juxta
1853 2590 2190 2650 Statutum

95 2681 462 2748 Alexandri
485 2682 664 2769 Papae
693 2732 708 2758 ,
731 2710 866 2750 non
880 2689 1128 2776 primus
1147 2738 1162 2763 ,
1187 2687 1296 2754 sed
1312 2686 1627 2752 secundus
1650 2683 1746 2769 jus
1765 2680 1853 2745 est
1875 2676 2188 2745 aflecutus

99 2779 170 2843 in
189 2772 472 2844 Ecclesla
493 2797 850 2844 memorata
869 2829 885 2855 ,
906 2780 1017 2845 etsi
1043 2783 1562 2848 Archidiaconus
1584 2775 1922 2868 praefatum
1942 2779 2017 2840 G.
2053 2791 2188 2837 tan-

101 2895 300 2963 quam
319 2869 615 2938 Clericus
635 2875 1073 2961 praesentavit3
1097 2878 1431 2959 Qoniam
1450 2876 1518 2939 in
1539 2895 1619 2937 eo
1634 2918 1649 2945 ‚
1670 2870 1850 2960 quod
1874 2887 2188 2959 tanquam

100 2968 394 3032 Clericus
415 2964 726 3043 faciebat,
762 2969 1016 3036 suberat
1032 2970 1458 3058 jurisdictioni
1478 2967 1741 3054 Legati3
1794 2966 1991 3030 Unde
2015 2962 2185 3053 post-

103 3084 299 3152 quam
315 3063 492 3127 idem
514 3058 799 3147 Legatus
821 3067 1248 3131 donationem
1269 3067 1436 3131 illius
1461 3058 1751 3130 Ecclefiae
1802 3057 1919 3124 fibi
1969 3060 2185 3122 decre-

101 3174 280 3221 verat
302 3155 759 3224 reservandam
779 3205 795 3232 ‚
835 3163 916 3226 ad
950 3184 1090 3226 eam
1123 3179 1460 3251 tamquam
1478 3157 1769 3223 Clericus
1809 3176 1946 3218 non
1975 3151 2192 3243 potuit

104 3255 477 3341 quempiam
496 3250 879 3343 praesentare
902 3303 918 3330 ‚
957 3255 1514 3346 praesentationem
1539 3249 1730 3341 ipsius
1752 3248 1973 3314 minus
2007 3270 2192 3312 cano-

103 3343 247 3408 nice
267 3345 498 3411 fifiam
518 3348 931 3414 decernimus
955 3351 1204 3415 irritam
1226 3399 1241 3425 ,
1267 3353 1326 3416 ὃ(
1344 3372 1414 3413 ea
1436 3370 1569 3411 non
1592 3344 1860 3409 obtenta
1880 3391 1896 3417 ,
1932 3336 2194 3407 conces-

103 3435 350 3505 sionem
370 3441 657 3528 ejusdem
676 3442 971 3510 Ecclesiae
1003 3443 1235 3510 faciam
1270 3440 1739 3535 praenominato
1774 3439 1854 3500 H.
1895 3456 2188 3524 pronun-

106 3533 351 3664 ciarpus
371 3539 752 3605 canonicam
772 3539 1051 3609 extitisti:
1072 3588 1086 3615 ,
1111 3541 1551 3627 adjudicantes
1569 3534 1782 3665 {dem
1804 3526 2186 3661 praefatazml„

263 3640 332 3665 ars
350 3629 402 3670 II.
1649 3637 1675 3679 g
1689 3636 1714 3679 g
1727 3638 1753 3679 g
2078 3632 2121 3660 cc
2144 3632 2189 3659 e-
