2456 3802
0 3391 11 3519 vau-quw*

429 158 528 220 De
542 157 752 246 Jurep.
772 156 906 221 Par.
923 158 992 219 Il.
1018 162 1177 222 Can.
1194 157 1451 223 XXVII.
1476 157 1719 222 Cafinl.

116 271 233 331 quod
261 269 332 311 ista
354 269 549 313 conditio
584 269 767 326 deroget
786 267 1074 326 Jurisdiciioni

114 330 372 389 Episcopali,
388 332 487 389 quia
502 332 543 372 in
566 330 710 372 limine
722 329 985 372 fundationis
1001 345 1074 384 po-

113 393 191 435 test
217 394 371 448 apponi
399 391 592 434 conditio
617 419 630 439 ,
661 405 751 448 quae
773 392 921 433 minuit
948 392 1068 441 Iura-1

113 450 378 509 Episcopalia
394 481 408 501 ,
422 451 665 494 Lambertin.
681 452 793 492 liba.
803 464 896 505 par.
907 465 941 491 1.
955 463 1070 505 qu·9·

114 523 198 556 art.
217 527 331 555 1.nu.
349 525 416 563 55.

175 576 332 615 octava
357 573 549 616 conditio
566 573 689 613 etiam
705 571 760 613 est
772 571 1064 627 approbanda,

115 635 217 691 quia
248 634 349 676 licet
377 635 573 676 Canones
607 633 806 673 damnent
850 631 1069 686 pluralita-

113 705 199 736 tem
215 693 539 740 Beoeficiorum,
556 706 693 734 tamen
719 695 818 748 quia
836 693 877 732 id
898 706 980 733 non
995 694 1068 733 ha-

113 754 187 796 bet
203 766 444 810 perpetuam
472 754 803 809 prohibitionem
834 755 857 793 :⁸2
875 754 979 808 Jure
1000 767 1069 794 na-

115 826 215 856 turae
229 843 241 862 ,
272 813 342 855 sed
357 811 488 857 solum
506 814 528 855 a
547 813 724 869 positivo
741 840 754 859 ,
775 816 812 854 &
829 813 1002 868 penitus
1020 814 1063 854 in

116 874 196 916 hac
223 887 339 930 parte
367 874 587 922 variabili,
622 872 846 915 toleranda
890 876 969 915 erit
998 873 1064 914 lex

120 936 334 976 contraria
362 936 403 976 in
420 933 667 976 fundatione
682 933 866 987 apposita
883 962 895 980 ,
929 948 971 974 ut
985 934 1065 974 do-

117 1006 186 1036 cet
214 999 364 1036 Lotter.
382 996 429 1036 de
443 1009 486 1036 re
516 995 680 1050 Benefic.
696 993 762 1033 lib.
785 1008 819 1033 1.
845 994 973 1048 quaest.
992 1006 1064 1045 32.

116 1068 223 1095 num.
243 1068 314 1105 42.

62 1125 114 1155 10
177 1117 306 1158 Nona
322 1114 619 1171 conditio,qua
634 1114 756 1155 datur
771 1113 946 1156 facultas
988 1115 1065 1156 Pa-

116 1185 246 1218 trono
259 1174 540 1216 transferendi
556 1173 806 1216 Beneficium
821 1176 871 1216 ab
889 1189 970 1216 uno
991 1175 1063 1216 Al-

114 1237 195 1278 tari
219 1236 261 1275 in
275 1235 389 1276 aliud
417 1249 499 1276 non
515 1235 572 1276 est
597 1247 746 1276 contra
771 1232 1064 1276 substantiam,

112 1293 338 1338 Beneficii.
372 1297 481 1352 Qia
498 1310 581 1338 non
597 1296 653 1336 est
677 1296 729 1336 de
756 1297 918 1337 ratione
935 1296 1065 1335 Bene-

116 1354 201 1398 ficii
218 1384 231 1403 ‚
263 1355 380 1411 quod
408 1354 676 1397 essentialiter
700 1354 746 1395 fit
775 1354 946 1396 infixum
983 1355 1058 1395 tali

111 1416 216 1459 loco
229 1443 243 1463 ‚
258 1417 349 1457 cum
367 1414 514 1470 poffint
531 1416 648 1471 plura
664 1415 872 1457 Beneficia
886 1415 993 1469 erigi
1011 1416 1051 1456 in

113 1477 314 1520 abstracto
351 1475 404 1516 ad
437 1489 559 1518 unum
593 1476 740 1518 Altare
772 1473 843 1517 sub
880 1473 1053 1517 diversis

116 1537 242 1578 etiam
258 1536 603 1578 invocationibus
620 1563 633 1583 ‚
662 1548 709 1576 ea
725 1537 888 1577 ratione
901 1564 915 1583 ,
936 1537 1059 1592 quia.-

113 1595 356 1652 Spiritualia
386 1596 528 1637 locum
548 1608 634 1637 non
650 1608 862 1652 occupant
876 1596 1061 1637 Lamber-

114 1656 189 1699 tin.
203 1655 270 1696 lib.
291 1668 327 1696 1.
334 1667 424 1709 par.
452 1669 488 1695 1.
503 1666 584 1697 art.
607 1668 621 1694 1
634 1668 672 1705 5.
687 1670 790 1701 num.
814 1669 854 1696 2.
869 1656 911 1695 in
916 1656 1060 1710 finQ,

115 1715 166 1760 ὁ·
181 1713 310 1771 quest.
327 1719 367 1755 6.
391 1726 471 1756 art.
493 1728 529 1755 1.
545 1730 649 1756 num.
667 1728 686 1767 3
701 1729 735 1757 1.
762 1716 804 1755 in
806 1716 894 1770 fine
909 1719 1062 1757 Lotter.

113 1777 161 1818 de
174 1792 216 1818 rc
228 1775 393 1829 Benefic.
408 1776 474 1817 lib.
497 1789 532 1816 1.
553 1775 680 1830 quast.
702 1789 740 1815 2.
756 1790 862 1816 num.
881 1780 952 1826 46.
969 1780 1059 1817 Rot-

115 1836 228 1889 deciſs
248 1840 347 1875 206.
373 1850 475 1877 num.
493 1840 532 1875 6.
537 1847 652 1888 part.
673 1849 738 1888 13.
755 1850 881 1877 recen.
905 1865 917 1884 ‚
933 1836 982 1879 &⁴
1001 1850 1063 1877 co-

114 1911 204 1938 ram
221 1895 348 1937 Pania
364 1896 476 1948 deciſs
499 1909 623 1948 1394.
643 1910 745 1936 num.
765 1900 804 1936 6.
831 1896 879 1939 &
901 1896 940 1937 in
955 1898 1065 1939 Colo·

115 1956 220 1998 nien.
245 1957 503 1997 canonicatus
518 1971 537 1996 2
548 1970 585 2009 3.
610 1955 732 2015 ‘Junii
753 1969 767 1995 1
780 1970 878 2007 704.
907 1962 943 2004 §.
959 1958 1062 1997 Hinc

115 2031 190 2058 non
203 2016 390 2058 relevant
405 2030 539 2073 corant
548 2016 744 2059 Kaunitz.
761 2045 772 2063 ‚
790 2016 838 2059 (φ
852 2032 892 2066 9.
906 2022 1065 2058 Decem-

114 2076 196 2119 bris
218 2089 232 2116 1
243 2089 344 2127 707.
362 2082 400 2124 §-
418 2077 608 2130 Pracipu?
623 2091 754 2116 coram
770 2078 929 2130 Ansqud.

60 2144 80 2174 ι
93 2145 110 2174 1
176 2137 305 2178 Unde
327 2137 419 2178 clim
436 2135 664 2193 Episcopus
677 2137 860 2195 deneget
876 2138 939 2179 his
955 2139 1064 2193 legi-

115 2195 195 2238 bus
219 2194 301 2238 sine
315 2195 433 2238 causa
460 2198 647 2253 legitima
664 2195 902 2239 consentire
921 2227 934 2246 ,
950 2198 1051 2251 juste

111 2270 326 2299 recurrere
340 2258 475 2312 potest
487 2256 685 2300 fundator
699 2258 751 2298 ad
765 2259 928 2299 Sacram
945 2263 1063 2302 Cou-

145 2318 408 2376 regationem
436 2318 625 2360 Concilii
649 2346 661 2365 ,
690 2331 780 2375 quae
805 2331 934 2373 cogat
963 2321 1062 2374 Epi-

111 2331 283 2433 {opum
314 2377 367 2418 ad
397 2376 742 2420 consentiendum
761 2407 773 2426 ‚
802 2379 868 2419 vel
887 2377 1060 2435 ipsamet

112 2433 351 2479 consentiat¹
371 2441 523 2479 Lotter.
555 2437 601 2477 de
639 2453 680 2479 re
711 2438 876 2493 Benefic,
905 2439 972 2481 lib.
1020 2449 1066 2478 ι.’

112 2513 155 2554 q.
175 2509 246 2549 3²·
279 2511 384 2537 num.
404 2498 469 2538 18.
498 2500 694 2539 Innocent.
709 2498 750 2539 in
780 2503 872 2552 Cap.
887 2498 928 2539 in
941 2504 1058 2541 Late-

114 2570 255 2599 ranen.
270 2569 374 2599 num.
394 2569 432 2608 5.
446 2559 692 2612 depraebend.
704 2560 894 2615 Ventrigl.
910 2559 950 2599 in
960 2566 1061 2614 pra'-

112 2617 261 2672 xipar.
280 2629 318 2658 2.
334 2629 467 2660 annot.
491 2619 606 2671 1.sub
622 2633 725 2660 num.
747 2631 763 2658 1
775 2630 814 2667 ς.
830 2633 878 2661 ea
895 2621 1060 2662 ratione

115 2679 216 2736 quia
233 2678 326 2720 cum
347 2692 398 2720 ex
417 2677 686 2735 dispositione
701 2679 810 2734 legis
827 2707 840 2724 ‚
857 2679 926 2721 vel
941 2680 1064 2721 statu-

112 2740 147 2780 ti
161 2739 204 2779 in
225 2738 373 2838 ali‘quo
389 2741 480 2780 actu
497 2739 724 2795 requiritur
739 2736 959 2781 consensus
980 2739 1057 2780 ali-

113 2797 259 2851 cujus,
294 2812 305 2839 ι
323 2812 407 2841 non
426 2799 516 2842 vult
530 2795 770 2841 consentire
788 2826 801 2847 ,
833 2800 969 2855 potest
984 2814 1060 2856 per

112 2858 381 2915 Superiorem
404 2859 631 2917 compelli,
659 2859 729 2901 vel
762 2856 847 2914 ipse
861 2860 1062 2916 Superior

111 2918 214 2963 dare
231 2918 443 2962 licentiam
462 2948 474 2960 .
507 2919 750 2962 Lambertin.
766 2919 836 2960 lib.
857 2933 892 2961 1.
912 2932 1002 2974 par.
1025 2934 1059 2961 1.

111 2978 242 3036 quest.
259 2990 392 3028 9.art.
413 2993 448 3020 1.
472 2994 580 3021 num.
600 2992 672 3032 94.
699 2979 845 3023 Rot.'in
870 2984 894 3022 S
902 2981 1061 3037 enogol-

110 3039 204 3080 lien.
221 3038 403 3080 Canonic.
418 3040 464 3080 de
480 3039 615 3082 Luchis
635 3053 654 3079 2
667 3053 704 3090 5.
733 3041 913 3099 Januar.
935 3055 949 3081 1
960 3053 1060 3091 709.

119 3104 159 3148 S.
180 3100 382 3156 Nullamq.
398 3112 529 3141 coram
544 3104 697 3143 R.P.D.
714 3104 905 3144 Lancetta
918 3129 930 3140 .

61 3169 131 3200 122
174 3160 299 3203 Sacra
310 3171 449 3202 autem
462 3160 760 3217 Congregatio
776 3163 818 3202 in
834 3161 941 3204 dieta
963 3165 1061 3201 Pen-

116 3233 205 3262 nen.
216 3219 403 3275 Beneficii
421 3232 437 3260 1
448 3232 487 3272 3.
499 3220 612 3273 Maji
632 3233 647 3260 1
658 3232 682 3271 7
694 3233 759 3271 13.
778 3219 993 3277 respondit
1010 3221 1062 3262 ad

115 3277 393 3336 supradi&um
423 3281 598 3323 dubium
612 3305 650 3314 ··-
668 3280 750 3338 Effi
789 3281 1063 3336 approbandas

116 3354 245 3382 omnes
258 3340 496 3382 conditiones
504 3351 650 3395 prater
665 3338 916 3396 quintam&
930 3341 1063 3395 quoad

117 3411 256 3443 ¹nonam
270 3402 340 3460 ‘ff
345 3401 651 3456 permittendam
665 3400 966 3443 translationem
979 3416 1062 3442 cum

115 3461 290 3517 eorgfensa
298 3462 494 3504 ordinarii
501 3473 576 3517 pro
591 3471 774 3516 tempore,
787 3473 908 3516 prout
927 3463 973 3503 de
990 3461 1072 3521 ‘Ju-

2014 183 2135 246 503

1194 285 1239 311 re
1252 271 1423 325 --Juxta
1439 269 1749 326 infrascriptum
1770 280 1916 312 votum
1936 271 2027 314 Ειῇῐ
2053 274 2145 315 Bar.

1195 331 1329 371 berini
1345 358 1357 377 ‚
1389 331 1442 371 de
1456 345 1542 388 quo
1559 346 1681 374 antea
1697 329 1783 385 ipse
1799 331 2145 375 Eminentiffimus

1193 389 1358 490 fuitsab
1376 392 1521 435 eadem
1553 391 1676 433 Sacra
1693 394 2043 448 Congregatione
2078 408 2146 436 re-

1194 465 1267 507 qui
1285 463 1366 491 itus
1387 481 1399 491 .

1192 549 1329 590 Votum
1364 546 1612 600 Eminentr'siu
1643 547 1869 590 Cardinalx‘s
1895 549 2087 602 Francisct‘
2131 551 2134 554 “

1251 607 1465 650 Barberini
1482 606 1522 649 in
1544 609 1667 658 Causa
1687 613 1852 648 pennen.
1882 614 2029 662 Appro-

1402 667 1573 709 bationis
1600 666 1854 708 Fundationis
1870 696 1881 706 .

1137 770 1186 811 13
1342 756 1548 798 Onnullas
1575 769 1712 798 autem
1746 770 1797 797 ex
1829 755 1900 796 dd.
1926 755 2145 798 conditio-

1359 818 1499 867 nibus,
1516 830 1664 872 nempe
1675 827 1822 872 quarta
1834 817 1977 868 ‚sexta
1994 844 2006 863 ,
2019 816 2140 870 septi-

1186 891 1251 916 ma
1269 905 1281 924 ,
1300 877 1446 918 σέλινα
1465 905 1478 925 ,
1508 878 1690 919 credidit
1709 874 1938 933 Episcopus
1958 890 2041 918 non
2061 875 2139 919 esse

1192 937 1476 978 admittendas
1493 949 1703 994 tamquam
1716 938 1869 980 rationi
1892 938 2112 993 ,plur-ique.)
2126 965 2140 986 ‚

1195 1009 1239 1037 ut
1257 995 1342 1051 ipse
1361 998 1418 1038 ait
1438 1026 1451 1045 ,
1473 999 1704 1039 contrarias
1724 995 1878 1053 absque
1899 996 2142 1039 pontificia„

1190 1054 1501 1112 dispensatione
1517 1087 1529 1106 ‚
1557 1062 1594 1099 &
1613 1057 1792 1112 proinde
1812 1058 1915 1098 oriri
1934 1057 2140 1108 injunxit,

1190 1129 1234 1158 ut
1255 1117 1430 1172 desuper
1462 1117 1754 1174 Apostolicum
1775 1117 1994 1173 expediret
2013 1118 2143 1159 bene-

1192 1178 1391 1233 placitum
1409 1206 1420 1217 .

1246 1238 1400 1279 Verum
1429 1238 1521 1279 clim
1540 1236 1743 1290 ajudicio
1775 1237 1978 1279 ordinarii
2006 1238 2140 1280 dene·

1189 1299 1327 1352 gantis
1357 1299 1707 1353 approbationem
1725 1297 1900 1350 alicujus
1918 1298 2142 1340 conditio·
2185 1347 2190 1352 .

1188 1359 1251 1399 nis
1267 1387 1278 1404 ‚
1296 1372 1387 1414 quae
1404 1360 1519 1399 venit
1538 1357 1803 1399 admittenda
1819 1386 1832 1406 ,
1848 1359 1971 1399 detur
1986 1359 2135 1414 appel-

1186 1416 1292 1458 latio
1311 1418 1362 1458 ad
1380 1419 1646 1473 Superiorem
1667 1447 1679 1466 ‚
1708 1419 1782 1474 qui
1798 1419 2019 1472 recognita
2039 1422 2140 1460 irra-

1186 1478 1472 1519 tionabilitate
1492 1479 1792 1533 denegationis
1810 1506 1821 1525 ‚
1852 1475 2019 1532 supplet
2037 1476 2140 1529 ejus-

1188 1537 1283 1579 dem
1302 1535 1543 1579 consensum
1560 1566 1571 1577 .
1610 1538 1714 1580 Ideo
1733 1538 1828 1579 Pius
1843 1537 2043 1580 fundator
2060 1539 2142 1580 hu-

1187 1599 1308 1639 miles
1342 1598 1438 1639 huic
1468 1599 1599 1638 Sacrae
1629 1599 1971 1656 Congregationi
1992 1612 2140 1652 preces

1189 1659 1394 1715 porrexit,
1412 1670 1620 1714 quatenus
1639 1661 1875 1713 praediCtum
1893 1657 2140 1700 consensum

1187 1719 1258 1771 (Si
1288 1720 1368 1759 EE.
1393 1719 1486 1759 VV.
1508 1719 1859 1760 irrationabiliter
1887 1719 2142 1773 denegatum

1187 1777 1305 1821 fuisse
1335 1778 1552 1820 videbitur
1578 1783 1596 1831 )
1641 1775 1832 1833 supplere
1871 1778 2101 1833 dignentur
2129 1806 2142 1827 ‚

1190 1840 1374 1895 cumque
1402 1839 1558 1880 eaedem
1580 1866 1594 1886 ‚
1624 1851 1849 1895 antequam
1878 1838 2143 1895 quidquam:

1185 1900 1412 1941 statuerent
1428 1927 1441 1947 ‚
1470 1913 1607 1940 meum
1625 1912 1771 1940 votum
1790 1897 1973 1954 benigne
1989 1899 2141 1955 exqui-

1196 1960 1336 2002 sierint
1352 1956 1526 2006 ,censeo
1544 1987 1555 1997 .

1245 2019 1396 2070 Injuste
1414 2016 1662 2075 Episcopum
1694 2017 1915 2076 denegasse
1935 2019 2144 2073 approba÷

1186 2080 1348 2122 tionem
1365 2090 1522 2136 quartae
1537 2079 1801 2121 conditionis
1818 2108 1829 2126 ,
1848 2083 1886 2120 δε
1899 2075 2135 2136 sextae,quae

1186 2141 1230 2182 in
1258 2139 1368 2181 idem
1395 2139 1630 2185 coincidit‚
1668 2140 1708 2180 in
1731 2140 1886 2196 quibus
1913 2136 2139 2194 respective

1189 2198 1425 2255 disponitur
1450 2199 1788 2248 ‚Beneficiatum
1824 2200 1959 2240 teneri
1987 2197 2142 2253 solum-¹

1190 2261 1320 2302 modo
1352 2260 1402 2300 ad
1433 2261 1727 2301 recitationem
1756 2258 2031 2300 officiiBeatae
2049 2262 2141 2302 Ma,

1190 2322 1258 2362 riae
1275 2349 1288 2368 ‚
1311 2318 1384 2362 sub
1400 2319 1691 2368 fundamento,
1709 2319 1824 2377 quod
1845 2321 2039 2361 recitatio
2059 2322 2138 2361 Di-

1190 2381 1276 2422 vini
1292 2380 1418 2422 officii
1437 2380 1482 2422 sit
1497 2381 1550 2422 de
1566 2378 1785 2422 substantia
1802 2378 2000 2421 Beneficii
2017 2396 2027 2425 ;
2044 2380 2137 2422 clim

1193 2442 1292 2489 hoc,
1307 2441 1422 2491 juxta
1440 2454 1660 2483 commune
1683 2440 2001 2481 Canonistatum
2017 2442 2134 2483 axio-

1189 2515 1277 2546 ma;
1310 2502 1432 2541 detur
1446 2512 1620 2556 propter
1635 2500 1814 2541 officium
1831 2528 1842 2538 .

1247 2561 1357 2618 Qia
1375 2561 1476 2601 licet
1505 2560 1559 2601 de
1586 2559 1813 2600 substantia
1830 2557 2030 2600 Beneficii
2060 2558 2135 2608 sit,

1190 2633 1235 2662 ut
1255 2620 1361 2662 illud
1380 2620 1503 2661 detur
1521 2631 1693 2675 propter
1710 2617 1890 2660 officium
1910 2648 1923 2667 ,
1946 2631 2132 2662 attamen

1189 2679 1262 2722 sub
1295 2681 1463 2722 nomine
1493 2678 1615 2734 Officii
1647 2693 1730 2721 non
1749 2680 1929 2722 veniunt
1947 2691 2134 2723 tantum-

1190 2740 1320 2783 modo
1342 2741 1454 2782 horae
1475 2739 1704 2782 Canonicae
1721 2767 1733 2787 ‚
1759 2750 1883 2795 prout
1912 2742 2137 2783 continen-

1189 2814 1283 2848 tur,
1314 2798 1572 2856 &dispofitae
1601 2800 1867 2856 reperiuntur
1887 2801 1929 2842 in
1959 2802 2130 2843 Brevia-

1187 2863 1252 2903 rio
1284 2861 1474 2902 Romano
1489 2889 1500 2909 ,
1537 2873 1641 2918 quas
1674 2858 1864 2902 Officium
1905 2860 2136 2903 Divinum)

1188 2935 1489 2976 nuncupamus,
1510 2918 1581 2962 sed
1599 2921 1715 2962 venit
1731 2920 2034 2976 quodcumque
2049 2919 2130 2976 spi-

1187 2982 1337 3022 rituale
1368 2995 1514 3023 munus
1537 2982 1647 3022 circa
1674 2977 1887 3021 servitium
1907 2981 2097 3023 Ecclesiae
2113 3010 2128 3029 ,

1189 3045 1242 3096 &p
1260 3041 1434 3082 Cultum
1452 3041 1609 3082 Altaris
1626 3069 1639 3088 ,
1671 3051 1716 3080 ut
1748 3053 1848 3095 egre
1861 3040 1927 3098 gie
1947 3042 2131 3096 explicat

1184 3103 1335 3142 Suarez
1351 3102 1398 3141 de
1416 3100 1539 3156 Relig.
1554 3100 1622 3141 tit.
1637 3102 1683 3140 de
1700 3100 1824 3156 Relig.
1839 3105 1934 3143 Can.
1955 3113 2036 3155 cap.
2064 3114 2080 3140 1
2091 3102 2131 3143 8.

1194 3162 1241 3201 de
1257 3161 1416 3216 obligat.
1447 3161 1545 3202 refl-
1561 3161 1653 3215 ffff·
1684 3174 1737 3201 ex
1754 3159 1803 3201 vi
1827 3159 1951 3214 benef}
1975 3175 2078 3203 num.
2092 3176 2132 3215 3.

1190 3222 1251 3263 ibi
1266 3246 1307 3255 --
1322 3222 1419 3262 C1>m
1430 3221 1607 3269 dicimus,
1625 3220 1860 3274 Beneficium
1872 3221 1966 3262 dari
1975 3233 2137 3276 propter

1193 3281 1357 3336 officium
1379 3281 1458 3333 sub
1474 3281 1620 3322 nomine
1641 3280 1753 3335 officii
1776 3281 2135 3336 comprehenditur3

1189 3341 1390 3396 quodlibet
1408 3341 1621 3396 spirituale
1638 3340 1888 3393 ministerium
1905 3341 2136 3394 ,seuservi-

1194 3402 1292 3444 tium
1318 3402 1491 3458 Ecclesia
1502 3430 1516 3450 ‚
1534 3402 1609 3456 sub
1623 3416 1696 3458 quo
1712 3401 1828 3457 officio
1845 3403 1971 3443 multa
1983 3402 2063 3442 alia
2077 3401 2135 3441 in-

1195 3462 1406 3503 cluduntur
1410 3472 1558 3517 preter
1573 3462 1843 3506 recitationem
1855 3463 2040 3504 horarum
2060 3465 2135 3502 Ca-

2026 3533 2136 3562 nont-
