2456 3802
357 178 681 303 De‘fizr‘ep.
700 213 919 277 pann.
946 219 1105 279 Can.
1129 190 1381 282 xxvii.
1404 219 1714 286 cassxlv.

135 330 189 370 rit
207 325 334 368 ctiam
351 323 521 383 possessa
537 327 560 370 Ξι
577 328 762 372 Clericis
775 356 790 376 ,
819 327 1002 370 dicenda
1017 330 1073 371 est

136 388 379 436 Clericalis‚
391 387 508 440 juxta
526 387 614 430 Rot.
629 387 671 428 in
689 388 801 430 dieta
816 388 1072 442 Aselphit‘i‘en.

136 455 175 497 §.
204 448 344 488 Mnus

134 509 262 550 etiam
281 507 306 548 fi
322 507 367 549 fit
382 508 571 563 proxima
582 507 845 554 fundationi;
876 509 974 567 quia
991 523 1072 564 po-

135 569 212 610 test
224 570 314 609 dari
330 565 584 625 casus‚quod
599 569 729 623 prima
745 569 982 611 nominatio
992 568 1070 610 Sa-

137 629 328 671 cerdotis
347 627 392 669 fit
409 629 633 670 tribuenda
651 628 876 684 privilegio
892 626 1070 670 consan-

136 689 361 745 guinitatis
379 717 392 738 ,
408 702 458 730 ex
470 703 523 731 eo
543 689 642 746 quia
653 688 704 729 ad
722 688 1071 745 Cappellaniatn)

136 748 264 791 fuerit
280 747 414 804 primo
432 745 701 805 praesentatus
718 747 1069 806 consanguinem,

137 810 214 866 qui
229 822 302 866 per
314 809 510 851 accidens
533 822 621 850 erat
642 809 876 856 Sacerdos;
905 813 945 852 &
959 822 1070 851 non)

136 869 186 910 fit
218 866 446 911 necess'ario
474 867 699 911 referibilis
734 868 788 911 ad
816 869 1064 926 praerogati-

136 941 231 972 vam
247 929 479 971 Sacerdotii
495 957 508 977 ‚
526 940 570 971 ut
583 929 692 971 bene
709 933 798 971 Rot.
809 930 850 971 in
863 927 903 970 T
899 928 1071 970 ridenti-

137 1003 188 1030 na
203 989 458 1043 Cappellaniae
482 1001 520 1040 ς.
535 988 684 1043 Aprilis
705 1003 719 1029 1
730 1002 780 1040 71
793 1002 832 1041 5.
861 994 900 1038 5.
915 989 1070 1052 ’,ΨΜ-,ι

135 1049 343 1104 oppofitum
351 1063 480 1090 coram
495 1054 644 1092 R.P.D.
666 1055 784 1092 Gerra
805 1078 817 1091 .

79 1128 131 1157 21
195 1106 507 1152 Descendendo
521 1110 622 1152 vero
648 1111 701 1151 ad
728 1109 953 1153 secundum
978 1110 1070 1151 Du-

136 1169 254 1212 bium
279 1167 429 1212 censeo
453 1167 791 1226 respondendum
818 1199 834 1220 ,
863 1167 1071 1226 supposita

134 1229 344 1286 qualitate
359 1229 622 1274 Sacerdotali
641 1229 819 1287 praefatae
845 1230 1073 1287 Cappella-

138 1289 218 1332 niae
235 1305 250 1335 ς
276 1294 316 1333 &
335 1290 454 1349 quod
471 1290 604 1332 dietus
620 1292 908 1348 Cappellanus
925 1302 1071 1332 tenea-

137 1360 208 1391 tur
223 1350 438 1392 eelebrare
449 1349 586 1392 Missas
599 1380 612 1400 ‚
627 1366 710 1395 non
727 1348 840 1408 posse
856 1352 952 1393 huic
965 1364 1069 1392 con-

123 1408 234 1451 «cedi
252 1408 492 1452 facultatem
510 1411 754 1454 celebrandi
786 1426 880 1454 cum
896 1410 1071 1452 aslisten-

137 1470 196 1510 tia
208 1469 464 1518 Sacerdotis;
484 1471 660 1514 Morbus
672 1473 781 1513 enim
795 1471 1071 1528 paralyticus,

138 1543 229 1587 quo
257 1529 423 1573 laborat
448 1531 560 1573 idem
588 1532 874 1588 Cappellanus
902 1531 959 1572 est
986 1528 1072 1572 fre-

135 1602 298 1647 quens,
315 1594 354 1633 &
366 1591 615 1640 continuus,
646 1595 685 1635 &
700 1589 1006 1648 consequenter
1025 1591 1065 1631 ei

133 1649 384 1706 deneganda
420 1651 536 1693 venit
582 1650 763 1694 facultas
821 1650 1069 1694 celebrandi

129 1706 291 1751 Miffam
315 1723 406 1751 cum
423 1711 636 1753 affistentia
665 1711 908 1754 Sacerdotis
924 1739 938 1759 ,
972 1725 1064 1768 quae

128 1769 311 1812 concedi
333 1783 418 1812 non
435 1768 566 1819 solet,
596 1770 666 1814 nifi
697 1771 869 1829 quando
889 1772 1064 1816 morbus

130 1829 189 1871 est
211 1829 306 1872 raro
330 1832 624 1887 contingibilis
639 1861 652 1881 ‚
682 1836 721 1874 ὅ(
739 1845 821 1874 non
833 1830 1036 1888 frequens
1057 1860 1072 1880 ‚

128 1889 246 1942 juxta
260 1889 381 1931 Text.
396 1891 437 1932 in
451 1895 546 1932 Can.
565 1892 670 1932 Illud
686 1907 725 1943 7.
741 1905 825 1948 q.1.
837 1920 850 1940 ,
869 1906 893 1933 u
905 1893 950 1933 bi
969 1892 1073 1933 dici-

128 1959 197 1990 tur
214 1962 298 1992 non
313 1950 481 1993 admitti
507 1951 781 1994 Sacerdotem
809 1952 1043 2004 adjutorem
1057 1980 1071 2000 ‚

131 2010 306 2066 quando
331 2008 557 2068 frequens,
585 2016 624 2055 &
642 2014 866 2055 continuus
886 2013 940 2054 est
955 2026 1065 2055 mor-

131 2069 210 2112 bus
227 2071 512 2120 Celebrantis‚
532 2075 571 2114 &
585 2073 701 2125 juxta
710 2072 850 2129 gloſsin
864 2076 1072 2113 Can.Com-

128 2129 302 2172 munirer
312 2132 429 2173 verb.
452 2133 497 2173 de
509 2131 559 2173 iis
574 2133 661 2187 dist.
677 2145 697 2184 3
708 2146 746 2184 3.
764 2161 778 2181 ,
795 2137 833 2175 &
850 2134 909 2174 ita
928 2131 1066 2174 novis-

131 2188 230 2233 fime
245 2187 474 2234 resolutum
490 2191 571 2235 fuit
599 2195 623 2236 a
637 2196 729 2235 Sac.
749 2193 1070 2250 Congregatio-

130 2263 185 2292 ne
197 2251 387 2293 Concilii
402 2252 444 2292 in
453 2253 649 2295 Civitatis
663 2253 908 2305 Castellanaez
923 2252 1074 2305 1.Majt'

110 2349 112 2351 ,
134 2312 268 2360 1718·
294 2312 367 2353 ubi
398 2311 491 2355 cum
509 2313 680 2371 quidam
702 2313 911 2355 Sacerdos
928 2316 1071 2357 Cano-‘-

130 2370 252 2412 nicus
266 2371 538 2415 Cathedralis
554 2373 744 2416 Ecclefiae
759 2374 964 2415 Civitatis
984 2373 1071 2415 Ca-

130 2429 312 2473 stellanae
327 2429 456 2474 fuerit
473 2434 526 2475 ab
546 2434 774 2476 Ordinatio
805 2430 1017 2488 suspensus
1046 2433 1071 2475 ὲ

134 2490 430 2534 celebratione
449 2491 575 2535 Miffae
594 2505 767 2550 propter
791 2494 982 2537 morbum
998 2507 1073 2549 pa-

132 2550 355 2607 ralyticum
375 2566 464 2610 quo
483 2551 976 2610 laborabat‚supplicavit
993 2567 1070 2610 pro

132 2608 336 2654 facultate
353 2613 597 2656 celebrandi
613 2613 774 2657 Missam
789 2628 881 2656 cum
900 2614 1075 2656 affisten-

133 2671 194 2712 tia
209 2671 478 2721 Sacerdotis;
506 2678 544 2716 δε
566 2674 784 2730 propofito
808 2675 938 2716 dnbio
954 2700 993 2709 -·
1010 2678 1070 2715 An

131 2732 317 2773 oratoris
326 2734 505 2787 precibus
506 2737 567 2791 fit
582 2733 1068 2791 annuendum--Rcspon-

134 2789 222 2834 sum
237 2790 364 2834 fuit--
375 2794 601 2851 Negative.
1058 2811 1060 2813 ·

249 2883 455 2928 R.P.D.
515 2889 555 2932 C
599 2890 633 2930 E
677 2889 713 2931 R
756 2890 790 2931 R
834 2892 897 2932 Ο.

320 2975 581 3024 Cremonen,
597 2978 825 3022 Beneficii.

275 3064 389 3102 Luna
428 3076 471 3115 4.
506 3062 707 3104 Februarii
741 3075 870 3114 1715.

134 3178 137 3180 ·
184 3159 322 3204 Adem
349 3157 586 3211 justificatio
603 3157 838 3200 litterarum
854 3158 1076 3215 Apostoli-

201 3233 341 3263 carum
359 3219 634 3261 obtentarum
651 3232 727 3275 per
751 3218 964 3261 Abbatem
993 3220 1074 3262 Va,-

130 3281 336 3323 lentinum
366 3279 586 3322 Ceriolum
627 3279 692 3321 uti
721 3276 1009 3334 praesentatum
1048 3279 1072 3322 ὲ

131 3341 340 3383 moderno
366 3340 589 3396 Praepofito
608 3339 868 3382 parochialis
884 3338 1073 3381 Ecclcfiae

131 3399 175 3441 S.
190 3400 309 3442 Lucae
321 3400 542 3442 Cremonae
558 3414 654 3442 cum
668 3399 950 3456 derogatione
966 3400 1073 3442 alte-

132 3461 221 3501 rius
249 3459 487 3503 medietatis
514 3462 636 3505 vocis
658 3461 934 3502 Patronorum
952 3489 964 3509 ,
982 3473 1073 3517 quae

121 3519 199 3574 sub
226 3519 289 3559 die
324 3533 366 3569 9.
394 3522 550 3564 Martii
581 3520 676 3565 anni
691 3520 892 3575 praeteriti
909 3536 1074 3564 coram

187 3586 289 3624 Pars
319 3582 371 3621 ΙΙ.

376 477 386 488 .
419 449 514 490 Nec
543 449 585 490 in
611 449 724 490 linea
752 449 1074 504 interpretativa

2008 244 2134 310 547

1188 332 1344 371 R.P.D.
1367 344 1449 371 meo
1466 335 1654 373 Lancetta
1670 330 1836 372 obtinuit
1852 360 1863 379 ,
1882 342 1927 373 ut
1943 347 2020 390 pro
2036 335 2131 377 illa-

1192 402 1281 431 rum
1298 392 1587 448 exequutione
1602 389 1901 433 rescriberetur
1916 410 1928 439 ;
1961 395 2133 436 Prome-

1193 453 1278 491 ruit
1307 451 1418 490 hodie
1433 478 1448 498 ‚
1481 463 1524 492 ut
1538 452 1735 507 delegata
1754 453 1852 492 mihi
1869 453 1892 494 a
1909 453 2133 511 Signatum.

1185 510 1361 565 Justitiae
1376 524 1485 551 nova
1497 509 1641 552 Causae
1654 512 1904 566 cognitione
1917 527 2008 555 cum
2021 515 2130 556 clau.

1194 567 1219 610 s
1215 571 1280 611 ula
1296 594 1339 603 --
1353 569 1484 611 Alteri
1498 600 1510 619 ‚
1527 571 1596 626 qui
1609 572 1665 611 ad
1678 571 1895 626 legitimam
1909 598 1949 606 --
1980 575 2132 616 Domi—

1195 631 1236 670 ni
1252 627 1490 672 censuerint
1516 631 1801 685 procedendum
1826 632 1895 688 effi
1914 635 1970 673 ad
1997 634 2131 689 legiti-

1191 703 1296 731 mam
1309 690 1531 732 earumdem
1546 692 1783 732 litterarum
1797 692 2100 747 exequutionem
2116 722 2130 741 ,

1191 764 1283 807 quse
1302 765 1352 793 ex
1373 747 1542 806 speciali
1571 751 1718 803 judicii
1749 752 1977 806 privilegio
2004 764 2132 794 retar-

1189 811 1279 852 dari
1301 824 1386 853 non
1405 809 1538 853 debet
1558 809 1628 853 nifi
1655 812 1977 867 exceptionibus
2008 814 2134 855 undi-

1191 884 1276 927 que
1324 872 1675 913 convincentibus
1707 899 1720 920 ‚
1763 885 1811 912 ac
1843 870 2128 915 inficientibus

1190 929 1365 986 ipsarum
1397 929 1662 973 substantiam
1680 945 1730 973 ex
1750 931 1892 972 relatis
1919 932 1959 972 in
1974 938 2129 987 Compo-

1178 989 1355 1041 stellana
1372 991 1612 1032 parochialis
1632 991 1796 1050 8.‘Junii
1814 1004 1828 1030 1
1840 997 1939 1040 696.
1957 993 2129 1050 §.Justi—

1176 1050 1322 1105 ficatio
1354 1065 1486 1093 coram
1512 1051 1835 1108 Reverendiffimo
1853 1051 2025 1092 Molines
2043 1057 2126 1092 De-

1192 1125 1286 1152 cano
1302 1141 1314 1152 .

1247 1171 1380 1223 Cujus
1396 1171 1587 1228 profesto
1604 1171 1806 1228 ponderis
1824 1185 1907 1214 non
1922 1169 2009 1212 sunt
2025 1172 2123 1221 illae,

1189 1243 1282 1288 quae
1297 1231 1436 1275 denuo
1448 1231 1725 1274 afferebantur
1737 1233 1786 1273 ab
1802 1227 2127 1274 informantibus

1189 1305 1264 1346 pro
1276 1293 1445 1347 Jacobo
1465 1293 1673 1347 Mareugo
1705 1306 1755 1333 eo
1785 1293 2008 1334 tendentes
2039 1321 2051 1340 ‚
2084 1304 2127 1333 ut

1189 1363 1423 1405 reportatas
1456 1353 1619 1395 litteras
1650 1352 1814 1393 Cerioli
1856 1351 2123 1394 labefaetatas

1190 1413 1460 1455 ostenderent
1476 1412 1634 1468 duplici
1647 1413 1752 1454 vitio
1774 1413 2039 1466 obreptionis
2055 1440 2067 1460 ‚
2085 1416 2126 1456 &

1188 1469 1471 1527 subreptionis
1485 1502 1499 1522 ‚
1527 1473 1663 1514 altero
1683 1469 1843 1517 scilicet
1865 1473 1920 1513 ob
1938 1472 2122 1513 reticen-

1189 1532 1289 1574 tiam
1306 1533 1423 1581 veri,
1440 1546 1490 1574 ex
1506 1547 1592 1589 quo
1611 1533 1835 1587 impetrans
1856 1545 1940 1573 non
1957 1528 2123 1586 expres-

1190 1589 1289 1634 serit
1307 1593 1477 1633 Summo
1488 1590 1686 1634 Pontifici
1703 1589 2019 1635 controversum
2039 1594 2122 1633 Be-

1192 1651 1386 1695 neficium
1403 1649 1481 1694 eise
1496 1652 1770 1693 Sacerdotale
1791 1681 1804 1700 ,
1821 1666 1896 1693 nec
1908 1652 2119 1707 Jacobum

1189 1711 1574 1769 compraesentatum
1610 1709 1689 1753 eise
1715 1713 1838 1752 eriam
1864 1714 2126 1767 Compatro-

1191 1788 1287 1817 num
1305 1790 1316 1819 ς
1349 1775 1401 1814 Et
1431 1773 1567 1814 altero
1597 1772 1653 1813 ob
1682 1770 1976 1827 expreffionem
2006 1771 2094 1812 falfi
2111 1799 2125 1819 ,

1190 1835 1289 1891 quia
1305 1831 1496 1889 exposuit
1512 1860 1525 1880 ‚
1542 1828 1714 1872 sefuiff'e
1727 1832 1985 1874 nominatum
2004 1830 2027 1872 a
2040 1845 2128 1871 me-

1192 1894 1348 1935 dietate
1366 1895 1641 1934 Patronorum
1660 1920 1673 1939 ,
1690 1893 1863 1947 quando
1878 1890 2123 1945 Praepofitus

1191 1954 1309 1997 dietae
1336 1951 1525 1995 Ecclefiae
1558 1951 1810 1993 l’arochialis
1837 1979 1849 1998 ‚
1880 1951 1946 1992 vel
1971 1963 2054 1992 non
2071 1951 2128 1992 est

1192 2015 1398 2056 Patronus
1413 2042 1427 2062 ,
1444 2013 1511 2055 vel
1527 2012 1579 2053 de
1592 2025 1665 2066 per
1685 2008 1725 2052 se
1742 2011 1993 2053 constituere
2014 2023 2130 2052 nott,

1193 2076 1330 2130 potest
1341 2075 1505 2115 Vocum
1523 2071 1791 2113 medietatem
1814 2086 1826 2117 ς
1856 2072 1966 2114 Nam
1981 2067 2129 2113 sermo.

1195 2147 1289 2176 nem
1309 2133 1520 2176 ordiendo
1539 2131 1563 2173 ὲ
1593 2132 1796 2189 qualitate
1824 2130 2084 2172 Sacerdotali
2113 2158 2128 2178 ,

1193 2193 1316 2236 distat
1334 2194 1467 2248 longo
1487 2192 1739 2239 intervallo,
1758 2190 1879 2248 quod-
1894 2204 1942 2232 ea
1959 2187 2130 2246 impres-

1192 2253 1232 2296 sa
1248 2255 1333 2296 dici
1349 2252 1467 2310 poffit
1486 2253 1527 2295 in
1543 2253 1624 2294 hoc
1640 2251 1851 2293 Beneficio
1867 2279 1881 2299 ‚
1907 2250 2024 2309 quod
2042 2262 2127 2292 tam

1193 2315 1327 2357 nitide
1337 2314 1529 2371 Jacobus
1547 2311 1725 2368 probate
1741 2312 1974 2369 cogebatur
1987 2338 2002 2358 ,
2017 2324 2129 2352 nom

1192 2373 1326 2418 solum
1341 2375 1440 2433 quia
1462 2370 1535 2415 sub
1551 2373 1624 2414 ista
1639 2373 1897 2428 obreptione
1912 2372 2130 2428 impugnat

1192 2435 1358 2478 litteras
1374 2435 1575 2477 obtentas
1590 2447 1667 2488 pro
1684 2429 1934 2473 Praescntato
1953 2459 1966 2478 ‚
1986 2428 2075 2478 sed,
2089 2434 2130 2472 &

1192 2495 1344 2538 fortius
1360 2495 1458 2551 quia
1487 2494 1529 2533 in
1545 2491 1780 2548 oppositum
1800 2502 1919 2545 urget
1937 2490 2040 2541 juris
2061 2502 2130 2531 re-

1194 2556 1293 2614 gula
1325 2552 1642 2609 Cappellaniam
1669 2550 1907 2606 simpliciter
1938 2549 2130 2591 Clerica-

1138 2627 1188 2657 22
1206 2618 1290 2658 lem
1306 2610 1552 2671 praesumens
1570 2641 1583 2660 ,
1615 2609 1686 2652 nifi
1712 2610 1926 2651 Fundator
1955 2620 2127 2651 contra-

1191 2677 1295 2719 rium
1310 2671 1547 2728 expresserit
1564 2671 1702 2714 verbis
1717 2683 1801 2712 non
1815 2670 1924 2724 aptis
1939 2669 2127 2724 recipere

1194 2737 1320 2778 alium
1338 2731 1545 2777 diversum
1559 2728 1735 2778 sensum,
1753 2744 1878 2787 quam
1892 2728 2128 2771 Sacerdotii

1199 2795 1368 2839 actualis
1386 2795 1501 2846 juxta
1516 2789 1640 2847 plene
1658 2790 1788 2831 relata
1803 2790 1990 2831 sanchez.
2007 2789 2129 2841 consil.

1195 2855 1335 2899 moral.
1353 2855 1466 2904 lib.7.
1480 2864 1607 2907 cap.1.‚
1623 2851 1788 2902 dub.48.
1801 2861 1980 2899 num.14.
2008 2861 2130 2889 cum)

1197 2917 1289 2958 aliis
1312 2927 1392 2969 per
1409 2919 1512 2957 Rota
1526 2912 1567 2953 in
1583 2910 1845 2968 Melphyb't'en.
1856 2908 2043 2964 Beneficii
2060 2920 2079 2946 2
2093 2921 2129 2947 1.

1195 2975 1319 3036 ‘Junii
1340 2989 1355 3014 1
1365 2989 1389 3027 7
1400 2987 1415 3014 1
1428 2988 1465 3014 2.
1479 2978 1518 3021 5.
1534 2971 1657 3030 7uris
1673 2984 1835 3024 namque
1847 2968 1896 3012 ὠ·
1911 2981 1948 3018 5.
1968 2972 2132 3009 Decem-

1193 3038 1273 3079 bris
1287 3035 1453 3088 ejusdem
1468 3032 1565 3074 anni
1582 3036 1620 3078 5.
1651 3034 1702 3072 Et
1720 3029 1828 3083 san?
1845 3043 1976 3070 coram
1991 3032 2130 3071 R.P.D

1194 3090 1275 3138 meo
1291 3101 1480 3137 Lancetta
1496 3121 1507 3132 .

1139 3170 1190 3210 23
1254 3157 1307 3196 Et
1337 3154 1610 3196 instrumento
1646 3151 1756 3194 enim
1787 3149 2047 3192 fundationis
2066 3149 2126 3190 nil

1194 3215 1307 3258 aliud
1326 3214 1543 3269 colligitur
1560 3243 1572 3255 .
1596 3225 1719 3270 quam
1740 3211 1971 3254 nominatio
1986 3210 2131 3250 Sacer-

1203 3278 1317 3319 dotis
1333 3304 1346 3323 ,
1363 3279 1402 3317 &
1419 3273 1658 3329 Prsebyteti
1675 3269 1748 3313 sub
1762 3284 1880 3313 certo
1897 3267 2131 3310 Missarum.)

1194 3350 1324 3380 onere
1337 3365 1350 3383 ‚
1369 3348 1459 3392 quae
1477 3331 1570 3376 sane
1588 3333 1658 3374 ubi
1674 3345 1759 3374 non
1773 3330 1905 3373 adfine
1922 3359 1934 3378 ‚
1951 3330 2021 3371 vel
2037 3342 2130 3370 ver-

1194 3399 1247 3440 ba
1266 3396 1518 3453 praeceptiva
1535 3392 1778 3435 celebrandi
1795 3405 1866 3447 per
1881 3387 1922 3431 se
1940 3388 2098 3445 ipsum-2
2115 3414 2129 3434 ‚

1196 3460 1266 3502 vel
1278 3455 1540 3513 prohibitiva
1553 3451 1798 3495 celebrandi
1813 3464 1886 3506 per
1898 3450 2020 3490 alium
2033 3459 2133 3487 con-

1196 3519 1331 3562 tinere
1350 3530 1435 3559 non
1452 3515 1595 3561 valent
1613 3510 1867 3554 Beneficium
1883 3507 2132 3604 Sacerdolta-

1605 3573 1635 3612 Z
1652 3587 1673 3616 z
1690 3586 1712 3614 z
1778 3584 1798 3610 2
2077 3578 2098 3604 e
2118 3594 2131 3615 ,
