2456 3802
292 246 414 325 528

299 361 417 415 ginta
434 354 567 396 tribus
584 351 705 394 annis
719 378 732 398 ‚
767 350 924 408 quibus
951 351 1146 394 assiduum
1163 353 1245 393 Ec-

299 416 428 460 clefiae
460 413 673 456 servitium
704 409 911 467 persolvit
936 426 1030 454 cum
1047 413 1140 455 aliis
1157 413 1248 468 post

299 487 562 533 reportatum
595 472 859 528 saepedie'tum
885 470 1101 515 Indultum
1129 471 1250 514 efflu-

300 539 363 581 xis
379 567 389 578 .
422 536 554 591 Super
570 534 723 591 quibus
756 534 950 575 Oratoris
969 534 1164 588 precibus
1183 548 1250 574 re-

302 596 480 657 quifitus
512 591 861 637 Eminentiffimus
894 593 1025 634 Urbis
1058 594 1249 635 Vicarius

305 656 608 701 animadvertit
629 653 912 711 quadraginta
930 651 1148 710 plusquam
1177 667 1252 695 an-

305 733 383 762 nos
399 722 566 760 exactos
591 716 669 757 esse
683 743 696 761 ,
729 727 816 769 quo
833 716 990 754 Orator
1009 714 1252 755 Canonica-

305 780 389 821 lem
417 774 681 834 praebendam
701 772 919 821 obtinuit,
950 773 1147 815 caeterum
1174 773 1250 814 dc)

306 838 465 882 servitii
479 835 712 878 assiduitate
727 830 799 874 sibi
815 846 1082 891 nequaquam
1096 833 1253 876 consta-

307 914 352 942 re
369 896 508 940 subdit
524 925 535 936 .

365 958 494 1000 Unde
523 954 737 1013 propofito
759 954 889 997 dubio
919 980 961 988 --
989 958 1050 996 An
1065 954 1252 997 oratoris

303 1019 543 1076 precibusstt
553 1017 799 1058 annuendum
809 1041 850 1049 --
866 1013 1104 1072 responsum
1120 1015 1201 1059 fuit
1215 1040 1254 1051 --

309 1078 514 1137 Negativ?
526 1106 539 1126 ‚
558 1077 607 1121 ὠ*
623 1075 790 1130 amplias
804 1102 841 1110 --

253 1156 304 1194 27
370 1142 422 1182 Et
437 1141 497 1181 ita
515 1139 607 1196 Ego
633 1138 757 1179 etiam
775 1135 1003 1180 sentiebam
1027 1139 1191 1181 studens
1209 1139 1253 1180 in

308 1204 386 1245 hac
402 1197 537 1242 Causa
554 1228 567 1248 ,
597 1200 796 1256 quoniam
823 1198 1024 1249 jubilatio
1050 1199 1255 1242 concedi-

311 1276 378 1304 tur
398 1261 621 1304 Canonico
640 1261 682 1300 in
699 1259 909 1314 praemium
927 1261 1119 1302 continui
1136 1259 1254 1302 labo-

311 1324 366 1365 ris
385 1318 748 1378 ptaestitiEcclefiae
764 1317 899 1375 spatio
915 1333 1200 1372 40.annorum
1215 1341 1254 1354 -·-

312 1384 376 1427 Ad
390 1382 513 1435 instar
528 1380 668 1423 militis
692 1380 903 1429 Veterani,
935 1381 1004 1436 qui
1021 1380 1176 1423 tamdiu
1189 1379 1254 1422 in-

301 1444 439 1499 servit
454 1472 466 1492 ‚
494 1443 596 1483 nullo
611 1454 767 1483 munere
774 1441 971 1494 perfimali
984 1443 1165 1483 detentus
1172 1439 1254 1494 post

312 1505 463 1547 labores
481 1504 576 1556 suos
604 1500 768 1556 perenni
798 1500 930 1555 quiete-
951 1502 1189 1557 perfruatur
1219 1523 1255 1535 -·-

319 1563 414 1607 sunt
431 1564 559 1607 verba
575 1564 696 1605 Text.
709 1561 832 1603 inl.1.
848 1565 891 1603 C.
905 1563 952 1603 de
967 1569 1097 1606 Veter.
1111 1560 1177 1603 lib.
1188 1574 1204 1601 1
1215 1573 1254 1602 2.

316 1626 431 1678 juxta
443 1622 695 1680 supi-adistas
706 1620 989 1665 resolutiones
1002 1622 1253 1679 Congrega-

310 1687 439 1729 tionis
457 1684 646 1730 Concilii
665 1712 676 1723 .

377 1746 621 1789 Canonicus
653 1755 791 1785 autem
808 1743 955 1786 Strada
971 1741 1162 1786 servierit
1178 1744 1257 1786 Ec-

313 1805 441 1850 clefiae
457 1807 497 1846 S.
515 1803 627 1848 Celfi
645 1802 776 1846 solum
795 1801 927 1860 spatio
944 1815 1013 1855 33.
1026 1818 1229 1846 annorum
1242 1832 1256 1852 ‚

315 1882 393 1909 nec
409 1865 569 1908 constat
583 1864 636 1906 de
654 1864 873 1912 laudabili,
892 1869 931 1906 δε
945 1865 1155 1907 continuo
1173 1861 1255 1905 ser·-

316 1928 422 1970 vitio
440 1938 538 1967 toto
552 1926 632 1966 hoc
649 1937 843 1979 tempore
858 1939 908 1966 ex
926 1924 1048 1966 libris
1065 1923 1255 1966 Ecclefiae

312 1987 428 2040 juxta
443 1987 694 2028 relationem
711 1985 1024 2027 Eminentiffimi
1040 1986 1200 2027 Vicarii
1217 2014 1228 2024 .

369 2049 473 2090 Non
490 2046 639 2093 obstat,
655 2044 773 2103 quod
785 2045 835 2086 ab
853 2059 962 2087 anno
985 2049 1111 2095 1695.
1127 2043 1257 2103 usque

313 2108 367 2150 ad
399 2122 523 2159 1702.
555 2110 595 2149 δε
611 2104 661 2147 fic
689 2103 822 2161 spatio
839 2102 995 2161 septem
1026 2119 1258 2148 annorum.»

313 2168 550 2211 obtinuerit
566 2166 796 2213 Indultum,
818 2180 890 2221 per
906 2165 1025 2223 quod
1048 2163 1259 2221 dispensa-

313 2241 382 2271 tus
397 2228 476 2270 fuit
490 2228 512 2269 a
530 2223 878 2283 Choro,aliisque
893 2227 1062 2267 Divinis
1079 2224 1257 2275 Officiis,

311 2295 351 2332 &
367 2289 532 2330 interim
550 2301 696 2328 omnes
726 2285 880 2329 fruetus
897 2315 910 2335 ‚
940 2291 979 2329 δε
995 2286 1259 2328 distributio-

312 2363 385 2391 nes
418 2348 687 2405 quotidianas
714 2343 772 2386 sui
800 2348 1089 2389 Canonicatus
1121 2347 1259 2403 perci-

317 2423 418 2465 pere
439 2407 598 2449 valeret
618 2420 700 2448 non
717 2404 833 2447 secus
851 2435 862 2453 ,
880 2420 926 2447 ac
943 2406 969 2446 fi
986 2408 1044 2448 eis
1064 2407 1161 2449 vere
1177 2435 1189 2455 ‚
1217 2411 1257 2450 &

316 2467 592 2525 personaliter
608 2463 820 2508 interesset
841 2484 853 2513 3
883 2468 991 2523 Qia
1023 2479 1187 2522 ternpus
1202 2467 1257 2508 il-

261 2530 402 2571 281ud
444 2526 599 2583 septem
629 2540 831 2569 annorum
867 2555 880 2573 ‚
911 2540 997 2584 quo
1033 2527 1145 2569 idem
1172 2530 1259 2571 Ca·-

319 2590 495 2633 nonicus
515 2587 662 2629 Strada
690 2586 770 2628 fuit
805 2585 952 2628 absens
971 2587 993 2628 a
1028 2588 1177 2630 Choro
1207 2602 1259 2631 ex

315 2650 489 2692 Indulto
505 2677 518 2697 ‚
548 2647 785 2702 computari
812 2660 896 2690 non
921 2650 1058 2703 potest
1086 2648 1138 2690 ad
1157 2646 1260 2690 effe-

317 2713 423 2752 <aum
442 2709 664 2752 obtinendi
677 2708 974 2760 jubilationem
991 2736 1002 2747 .
1035 2708 1158 2750 Ratio
1173 2709 1230 2750 est
1244 2737 1259 2757 ‚

318 2771 419 2827 quia
449 2769 663 2810 Indultum
696 2768 934 2824 praedictum
971 2765 1206 2810 concessum
1235 2768 1260 2810 ὲ

317 2832 429 2886 Papa
453 2830 677 2874 Canonico
694 2826 826 2870 solum
845 2827 897 2870 ad
916 2825 1106 2869 effectum
1127 2830 1261 2884 perci-

318 2892 462 2947 piendi
479 2889 795 2932 distributiones
811 2917 824 2937 ,
858 2902 943 2930 non
958 2888 1094 2943 potest
1112 2900 1261 2930 exten-

319 2951 363 2992 di
379 2950 431 2992 ad
448 2952 573 2992 alium
591 2947 781 2991 effectum
808 2946 968 2990 scilicet
984 2950 1260 3003 computandi

317 3025 451 3054 annos
480 3008 674 3053 absentiae
700 3023 776 3064 pro
794 3008 1262 3060 obtinendajubilatio-

321 3084 372 3113 ne
387 3102 398 3112 .
429 3071 571 3113 Sabell.
589 3071 736 3123 summ.
764 3069 915 3121 divers.
945 3074 983 3116 §.
1001 3068 1260 3127 Privilegium

319 3141 410 3171 tom.
428 3144 468 3181 3.
482 3147 521 3173 n.
543 3144 579 3171 1.
596 3135 633 3177 §.
645 3133 698 3172 Et
713 3130 817 3186 quod
828 3128 963 3182 Tusch.
979 3129 1139 3183 conclus.
1161 3144 1184 3182 7
1192 3142 1260 3182 34.

320 3189 450 3230 litt.P.
465 3205 613 3243 num.7.
905 3245 908 3247 ⁴

264 3261 315 3299 29
379 3249 422 3289 Si
440 3252 541 3293 vero
560 3246 805 3295 canonicus
831 3252 1079 3293 continuum
1101 3264 1173 3302 40.
1189 3264 1262 3293 an-

322 3321 469 3350 norum
482 3310 672 3352 Ecclefiae
685 3311 919 3366 praestiterit
930 3310 1142 3353 servitium
1156 3321 1260 3353 con-

318 3368 484 3410 ceditur
500 3369 571 3423 ipsi
589 3370 804 3413 Indultum
821 3371 1103 3423 jubilationis,
1123 3383 1167 3412 ut
1181 3370 1260 3413 fuit

319 3425 554 3480 concessum
570 3428 594 3469 a
617 3428 707 3469 Sac.
723 3431 1076 3486 Congregatione
1101 3432 1263 3473 Conci-

319 3490 378 3531 lii·
398 3488 440 3529 in
470 3491 706 3543 -Bergomem
745 3488 992 3537 jubilationis
1023 3492 1063 3530 8.
1099 3490 1262 3546 Augusti

324 3561 375 3598 17
387 3553 453 3589 16.
472 3548 636 3591 cuidam
650 3548 836 3591 Martino
853 3549 1046 3591 Antonio
1063 3549 1261 3592 Guerrini

663 236 1155 301 Commentaria
1187 235 1270 300 ad
1305 233 1584 323 singulos
1614 241 1916 316 Canones

1376 353 1600 396 Canonico
1632 353 1934 396 Subdiaconali
1964 355 2236 399 Cathedralis
2255 353 2338 398 Ec:

1379 411 1527 462 defice,
1543 414 1686 471 quide
1701 412 1903 458 consensu
1915 417 2104 472 Capituli
2121 417 2245 472 petiit
2266 417 2335 460 In-

1378 473 1542 516 dultum
1560 473 1827 526 jubilationis
1845 489 2061 532 exponens
2077 505 2090 524 ,
2109 478 2229 534 quod
2245 474 2332 533 ipse

1379 534 1647 577 inchoaverit
1662 533 1877 578 servitium
1912 537 2029 578 dietae
2059 537 2249 579 Ecclciiae
2268 538 2332 579 uti

1382 594 1625 648 coadjutor
1644 595 1854 638 Canonici
1872 597 2053 639 Antonii
2084 597 2172 649 ejus
2191 598 2332 640 Patrui

1378 653 1448 695 die
1462 667 1503 705 4.
1532 655 1795 698 Novembris
1831 660 1958 708 1675.
1992 657 2189 700 defuncto
2224 658 2329 700 vero

1379 713 1601 766 Coadjuto
1628 715 1698 758 die
1722 717 1968 773 19.Januar.
1990 719 2118 770 1684.
2134 718 2196 759 uti
2210 718 2330 760 Prin-

1379 775 1528 830 cipalis
1542 775 1565 816 ὲ
1577 776 1685 817 dieta
1701 777 1773 818 die
1788 779 2101 820 continuaverit
2113 779 2327 834 integrum

1378 830 1594 882 servitium
1639 833 1769 894 usque
1815 837 1868 879 ad
1913 836 2094 880 mensem
2129 838 2327 882 octobris

1383 907 1513 946 1705.
1527 923 1541 943 ‚
1573 895 1598 938 a
1614 909 1701 954 quo
1718 909 1909 954 tempore
1934 899 1992 941 ob
2007 898 2247 941 habituales
2262 900 2330 942 in-

1379 953 1599 1009 firmitates
1616 956 1667 998 ab
1684 957 1909 1000 Ordinatio
1923 959 2180 1016 approbatas
2191 958 2328 1016 {ingu-

1378 1016 1431 1057 lis
1448 1018 1566 1058 annis
1587 1017 1610 1059 ὲ
1624 1017 1715 1059 Sac.
1737 1020 2091 1075 Congregatione
2108 1019 2326 1062 Indultum

1380 1076 1614 1119 obtinuerit
1642 1079 1819 1120 vacandi
1836 1081 1858 1121 a
1889 1077 2060 1123 servitio
2086 1081 2223 1124 Chori
2249 1093 2327 1136 pro
2365 1111 2371 1113 Α

1378 1137 1494 1179 horis
1512 1137 1709 1179 Matutini
1728 1165 1741 1187 ‚
1768 1144 1808 1183 &
1828 1141 1996 1187 Primae;
2027 1141 2154 1182 Unde
2173 1154 2342 1197 propo-⁷

1381 1196 1455 1241 fito
1478 1198 1611 1241 dubio
1627 1225 1667 1232 --
1684 1203 1745 1242 An
1776 1201 1975 1243 Indultum
2002 1200 2252 1252 jubilationis
2265 1203 2325 1256 stt

1379 1260 1656 1301 concedendum
1665 1259 1707 1302 in
1717 1260 1804 1313 casu
1815 1259 2326 1318 &c.--Responsumfuit-

1375 1319 1634 1374 Affirmativ?
1646 1321 1703 1362 ad
1700 1320 1877 1375 formam
1891 1323 2085 1376 consensus
2100 1317 2143 1357 -ζ-

1434 1380 1490 1422 Et
1505 1381 1678 1438 quidem
1694 1382 1853 1437 optima
1864 1383 2051 1432 ratione,
2071 1383 2172 1441 quia
2187 1381 2250 1426 uti
2263 1381 2327 1424 di-

1377 1441 1524 1483 cebam
1539 1455 1677 1484 meum
1690 1443 1920 1498 aperiendo
1935 1456 2080 1486 votum
2097 1473 2108 1483 .

1318 1515 1340 1554 3
1350 1518 1373 1544 0
1436 1502 1614 1546 Constat
1640 1504 1906 1546 Canonicum
1944 1503 2170 1548 Mat-tinum
2188 1503 2328 1546 Guer-

1376 1563 1510 1604 tinum
1522 1562 1797 1605 laudabiliter
1808 1561 2015 1607 inservisse
2039 1562 2229 1607 Ecclefiae
2243 1563 2329 1606 Ca-

1378 1622 1563 1664 thedrali
1583 1621 1720 1678 spatio
1736 1636 1806 1675 40.
1834 1637 2038 1667 annorum
2056 1626 2108 1667 ab
2122 1638 2232 1668 anno
2248 1621 2329 1673 sci-'-
2386 1625 2389 1627 ’
2447 1610 2456 1636 ³

1376 1683 1479 1725 licet
1499 1687 1628 1733 1675·
1660 1680 1789 1740 usque
1820 1685 1863 1726 in
1878 1682 2052 1740 praesens
2068 1714 2084 1735 ‚
2110 1684 2329 1742 adeoque)

1380 1742 1536 1799 dignus
1553 1746 1592 1786 δε
1607 1742 2085 1804 IndultoJubilationis,
2101 1744 2221 1803 quod
2235 1745 2328 1786 Sac.

1377 1804 1728 1862 Congregatione
1761 1804 1942 1847 concedi
1956 1802 2063 1847 solet
2079 1805 2300 1848 Canonieo
2316 1831 2331 1852 ‚

1379 1866 1452 1922 qui
1468 1865 1715 1907 continuum
1729 1876 2005 1916 40.annorum
2015 1861 2230 1908 servitium
2246 1865 2331 1905 Ec-

1388 1923 1518 1966 cleiiae
1532 1924 1719 1981 praestitit
1749 1925 1802 1968 ad
1818 1925 1940 1968 instar
1955 1925 2108 1967 Militis
2125 1924 2329 1967 Veterani

1381 1986 1563 2028 Armatae
1581 1985 1749 2041 Militiae
1765 2014 1778 2034 ‚
1814 1987 1889 2043 qui
1918 1986 1975 2028 ob
1991 1985 2259 2034 diuturnum,
2289 1988 2334 2034 δε,

1381 2047 1628 2088 continuum
1649 2043 1860 2089 servitium
1881 2047 2076 2089 eximitur
2105 2048 2129 2088 εὶ
2145 2046 2261 2103 Lege
2274 2045 2330 2086 ab

1381 2106 1577 2148 ulteriori
1594 2119 1738 2148 onere.
1769 2106 1822 2148 A.
1838 2106 1961 2150 Text.
1974 2107 2016 2148 in
2043 2108 2070 2149 l.
2094 2119 2130 2147 1.
2144 2107 2227 2148 cod.
2242 2106 2329 2150 dea

1379 2178 1513 2207 veter.
1526 2166 1593 2208 lib.
1603 2179 1619 2205 1
1630 2167 1722 2209 m&
1741 2167 1767 2207 l.
1782 2167 1810 2207 d
1826 2167 2046 2210 muneribus
2051 2167 2102 2225 ff
2114 2167 2162 2208 de
2176 2178 2328 2209 muner.

1380 2226 1430 2269 &
1445 2227 1577 2269 honor.
1593 2226 1825 2283 Pignattell.
1836 2228 1995 2280 consult.
2015 2241 2034 2267 2
2045 2242 2114 2280 24.
2129 2241 2232 2270 num.
2255 2238 2274 2266 1
2285 2238 2326 2268 2.

1378 2298 1470 2329 tom.
1488 2301 1532 2339 4.
1555 2286 2029 2341 Monacell.fhrmul.fhr.
2044 2287 2183 2340 Eccles.
2195 2286 2264 2330 tit.
2286 2298 2328 2326 α.

1364 2347 1533 2401 formul.
1549 2360 1589 2398 4.
1609 2361 1714 2389 num.
1738 2360 1804 2399 13.
1819 2358 1915 2388 tom.
1939 2361 1974 2388 1.
2001 2347 2185 2390 Maxime
2203 2347 2330 2389 cum-1

1379 2418 1604 2450 concurrat
1616 2407 1697 2450 una
1714 2421 1807 2451 cum
1823 2407 2026 2450 laudabili
2043 2405 2214 2450 servitio
2226 2419 2331 2465 qua-

1380 2468 1630 2523 dragenario
1645 2496 1659 2516 ‚
1674 2466 1896 2510 iufirmitas
1911 2468 2136 2510 habitualis
2147 2465 2338 2521 ejusdem

1381 2529 1593 2571 Canonici
1608 2545 1620 2573 3
1648 2541 1734 2585 quo
1749 2526 1843 2570 casu
1875 2524 2011 2570 adesse
2043 2528 2196 2570 dicitur
2214 2525 2331 2570 aliud

1376 2587 1781 2636 fundamentum,cui
1797 2588 1989 2630 innititur
2004 2589 2086 2631 hoc
2103 2588 2332 2631 Indultum.

1382 2651 1430 2689 B.
1443 2648 1673 2705 Pignattell.
1687 2649 1770 2697 ,ubi
1771 2649 1897 2702 supra
1908 2664 2010 2690 num.
2020 2663 2036 2689 1
2046 2647 2298 2698 9.Monacell.
2315 2674 2330 2695 ,

1381 2708 1446 2750 ubi
1446 2709 1573 2763 supra
1602 2737 1615 2758 ,
1646 2713 1926 2753 &concurrat
1951 2709 2077 2751 etiam
2105 2705 2331 2751 consensus
2366 2759 2368 2761 ι

1383 2770 1573 2825 Capituli
1587 2786 1598 2815 3
1632 2773 1672 2812 &
1686 2770 1820 2828 gratia
1834 2767 2172 2822 hujusmodinon
2186 2765 2332 2810 afferat

1381 2829 1512 2872 ullum
1527 2829 1812 2887 praejudicium
1824 2829 2030 2878 Ecclefiae,
2041 2833 2081 2872 &
2096 2827 2302 2885 Capitulo
2315 2854 2330 2876 ‚

1381 2889 1503 2946 quod
1546 2889 1812 2937 constituitur
1854 2904 1906 2932 ex
1939 2890 2072 2932 tribus
2104 2888 2331 2946 dignitati-

1383 2949 1460 2990 bus
1489 2962 1562 3002 41.
1582 2950 1813 2993 Canonicis
1831 2977 1845 2997 ‚
1874 2950 1984 2992 ultra
2011 2950 2332 3007 CappellanoS,

1383 3013 1423 3052 δε
1438 3008 1692 3051 Sacerdotes
1708 3008 1954 3053 inferiorum
1970 3009 2165 3053 ordinum
2182 3039 2195 3051 .
2224 3039 2229 3042 ·
2316 3008 2321 3011 ’

1440 3069 1733 3120 Non.obstat‚
1761 3069 1880 3127 quod
1910 3071 2155 3115 Canonicus
2183 3079 2330 3113 orator

1383 3130 1435 3171 ab
1452 3144 1563 3172 anno
1585 3134 1711 3180 1675·-
1738 3129 1867 3188 usque
1882 3131 1933 3173 ad
1947 3145 2100 3174 annum
2117 3132 2243 3182 1⁶84·
2257 3155 2272 3178 ‚
2289 3131 2330 3170 δε

1378 3189 1430 3231 fic
1447 3188 1581 3245 spatio
1601 3204 1754 3233 novem
1773 3204 1976 3235 annorum
1993 3220 2006 3240 ,
2021 3189 2232 3234 servititun
2249 3188 2332 3229 Ec-

1381 3250 1510 3292 cleliae
1540 3251 1779 3306 praestiterit
1803 3252 1865 3294 uti
1883 3252 2105 3304 coadjutor
2119 3248 2330 3291 Canonici

1380 3307 1439 3350 sui
1461 3311 1602 3353 Patrui
1619 3338 1632 3359 ,
1662 3311 1723 3352 ita
1752 3322 1798 3353 ut
1821 3313 1864 3355 in
1893 3309 2065 3356 servitio
2091 3308 2332 3366 quadrage-

1380 3371 1499 3412 nario
1543 3373 1836 3413 connumerari
1868 3385 1954 3414 non
1985 3369 2138 3412 debeat
2167 3381 2334 3425 tempus

1380 3430 1546 3485 praestiti
1575 3428 1764 3479 servitii,
1795 3445 1846 3473 ex
1878 3430 2005 3472 titulo
2027 3428 2332 3482 coadjutoriae3

1324 3503 1344 3541 3
1359 3504 1373 3529 1
1397 3491 1609 3546 Qoniam
1623 3491 1708 3533 haec
1724 3491 1815 3531 Sac.
1827 3491 1969 3545 Co‘ng.
1984 3490 2027 3530 in
2041 3487 2214 3531 servitio
2229 3501 2333 3546 qua.

1381 3550 1634 3605 dragenario
1665 3579 1678 3598 ,
1725 3549 1831 3591 alius
1863 3551 2127 3606 computavit
2169 3561 2332 3647 tempus

2269 3621 2334 3648 er..

2451 2387 2456 2398 -
2450 2342 2456 2357 ..1.
2448 2314 2456 2324 Λ
2446 2082 2456 2293 „mmmmm-uuunn-ntm.
2444 1914 2456 2073 ...ken-affin.
