2456 3802
90 310 133 339 te
149 291 320 356 affig'nat
335 325 349 345 ‚
376 296 552 355 quodve
570 294 818 338 eorumdem
834 293 990 337 fruetus
1003 295 1047 337 in

91 356 185 401 usus
201 359 446 415 prophanus
479 358 677 400 converti
690 353 806 413 poise
824 357 1046 413 permitte-

94 431 162 462 ret
173 422 269 461 :Et
285 421 344 460 ita
358 422 437 461 δίε.

155 481 297 523 Potest
308 480 435 521 etiam
447 478 661 521 Fundator
675 476 878 520 Beneficii
896 490 1046 535 quam-

91 541 214 598 plura
231 541 312 582 alia
328 544 444 596 pacta
459 568 473 588 ,
490 543 530 582 &
547 539 819 581 conditiones
837 540 880 580 in
896 539 1043 579 limine

92 601 360 644 fundationis
379 613 591 656 apponere
608 627 621 648 ‚
639 613 821 656 quorum
840 597 1046 641 nonnulla

95 659 247 703 saltem
277 661 579 717 principaliora
610 661 664 701 ad
682 661 901 701 materiam
920 659 1044 710 hujus

94 722 264 764 Canonis
280 721 349 763 hic
378 734 621 764 enumerare
639 734 874 778 congruum
887 720 1014 761 duxi.

35 793 95 836 14
158 785 299 826 Potest
328 784 439 824 enim
466 795 678 838 apponere
704 782 869 836 legem.
905 779 1045 822 Primo

96 854 142 884 ut
158 841 434 886 Praesentatus
451 871 463 892 ‚
486 846 525 885 &
542 842 743 884 obtinens
761 840 1046 884 Beneficium:

93 916 183 945 non
210 904 330 960 poffit
356 905 398 946 in
427 903 574 945 eadem
604 900 786 944 Ecclefia
811 903 926 944 aliud
954 899 1047 944 offi-

32 988 37 995 ·
95 965 206 1006 cium
240 965 424 1006 retinere
456 992 469 1012 ‚
511 968 551 1006 δε
584 962 655 1005 ista
686 963 756 1005 lex
789 964 845 1005 est
876 960 1045 1004 servan-

94 1025 149 1066 da
165 1053 178 1073 ‚
209 1037 254 1066 ut
270 1022 444 1066 resolvit
458 1025 582 1066 Sacra
607 1025 908 1079 Congregatio
927 1024 1046 1064 Con-

94 1086 186 1127 cilii
200 1085 240 1125 in
252 1084 596 1142 caesaraugustana
610 1085 838 1127 Portionum
852 1099 871 1125 2
884 1098 902 1123 2
911 1087 1048 1125 ,Μαν-

93 1144 146 1187 tii
163 1146 291 1196 1687.

41 1218 90 1258 15
156 1206 356 1248 Secundo
373 1235 386 1254 ,
421 1204 539 1264 quod
558 1204 584 1247 fi
601 1207 794 1247 Summus
813 1203 1040 1253 Pontifex,

94 1266 166 1308 vel
189 1267 438 1308 ordinarius
459 1266 546 1308 loci
567 1295 580 1314 ,
597 1264 665 1309 seu
683 1268 823 1324 quivis
840 1267 946 1308 alius
964 1280 1045 1321 po-

94 1327 286 1368 testatem
304 1328 463 1369 habens
484 1326 701 1369 occasione
719 1329 954 1369 vacationis
971 1326 1045 1367 in.,

96 1387 244 1435 Curia,
262 1389 330 1430 vel
349 1402 401 1430 ex
417 1387 502 1430 alio
517 1389 655 1443 capite
673 1386 952 1430 reservaverit
969 1386 1042 1428 fibi

95 1446 348 1489 beneficium
366 1477 379 1497 ‚
412 1461 496 1489 non
527 1459 720 1489 teneatur
747 1450 956 1490 Patronus
986 1460 1039 1488 eo

94 1504 191 1549 casu
207 1506 373 1550 solvere
388 1507 544 1552 fructus
560 1537 574 1556 ‚
603 1507 664 1549 uti
682 1506 920 1560 hujusmodi
939 1507 1008 1549 lex
1029 1535 1043 1555 ,

94 1564 167 1610 seu
186 1569 381 1611 conditio
411 1567 597 1623 apposita
621 1568 780 1623 legitur
805 1569 847 1609 in
878 1582 955 1608 una
970 1571 1044 1608 Fa-

93 1641 184 1670 nen.
200 1628 382 1679 Beneficii
394 1657 407 1676 ‚
426 1628 496 1670 ubi
513 1640 690 1670 vacante
703 1629 915 1671 Beneficio
932 1628 1045 1684 apud

92 1689 246 1731 Sedem
264 1703 339 1745 per
355 1689 518 1732 obitum
535 1689 674 1731 ultimi
693 1688 928 1732 possessoris
946 1719 959 1736 ,
991 1687 1045 1730 ad

92 1748 331 1791 'instantiam
349 1749 663 1791 Eminentiffimi
683 1751 900 1792 Barberini
919 1749 1046 1791 desti-

90 1821 234 1852 natum
257 1808 342 1852 fuit
357 1810 550 1851 Antonio
575 1807 771 1865 Josepho
788 1811 906 1853 Rotae
923 1811 1047 1852 Con-

86 1867 325 1926 sanguineo
360 1871 480 1912 unius
512 1883 564 1911 ex
593 1870 900 1926 Compatronis
926 1899 939 1919 ‚
972 1868 1045 1914 sed

90 1943 187 1973 cum
203 1929 470 1973 fundationis
484 1928 698 1986 dispositio
714 1932 877 1987 opponi
900 1931 1043 1973 videa-

91 2001 161 2032 tur
199 1991 399 2047 praedictae
441 1990 711 2034 destinationi
738 1990 941 2034 Beneficii
974 1992 1036 2033 rei

86 2064 269 2094 examen
286 2051 310 2094 a
329 2052 501 2094 Dataria
513 2080 526 2100 ,
543 2052 595 2094 ad
614 2052 778 2094 Sacram
792 2056 1047 2111 Congrega-

92 2112 256 2154 tionem
275 2111 466 2155 Concilii
493 2110 700 2154 remissum
724 2111 804 2154 fuit
820 2142 835 2162 ,
862 2114 931 2154 ubi
949 2127 1050 2169 pro-

90 2170 235 2228 posito
263 2172 398 2215 dubio
413 2198 449 2207 --
466 2177 526 2214 An
530 2173 766 2227 supplicatio
785 2174 1048 2231 stgnandasit

93 2246 181 2273 cum
195 2233 450 2290 derogatione
465 2233 579 2274 dici‘ae
580 2234 839 2287 fundationis
856 2263 869 2283 ,
881 2234 1050 2287 praefir-

93 2290 169 2334 tim
183 2292 288 2334 circa
296 2293 794 2348 fhspenstonemfrue't'uum
808 2320 848 2328 --
863 2291 1051 2350 Respon-

92 2350 180 2396 sum
201 2352 281 2395 fnit
302 2354 354 2395 ab
382 2354 532 2396 eadem
549 2356 671 2396 Sacra
687 2356 1047 2412 Congregatione

99 2425 166 2464 14.
182 2415 294 2465 Iunii
316 2426 332 2454 1
343 2415 397 2454 68
412 2428 445 2454 1.
457 2441 498 2449 --
511 2430 584 2456 non
594 2415 904 2473 eff'esignandam
917 2441 960 2448 --

39 2477 94 2513 16
157 2474 308 2517 Tertio
325 2504 337 2515 .
370 2475 583 2518 Fundator
601 2477 641 2519 in
655 2476 801 2518 limine
826 2474 1051 2518 fundatio-

94 2534 160 2577 nis
179 2533 371 2577 Ecclefiae
383 2537 642 2580 Parochialis
658 2566 671 2586 ‚
687 2548 758 2579 aut
773 2536 1050 2580 Cathedralis

94 2595 236 2652 potest
251 2593 325 2636 fibi
356 2595 566 2639 reservare
595 2597 657 2647 jus
678 2597 923 2639 nominandi
942 2598 1050 2639 Prae-

95 2655 335 2698 dicatorem
351 2657 394 2699 in
407 2657 551 2700 eadem
571 2656 751 2700 Ecclesia
765 2685 779 2705 ‚
800 2671 876 2699 nec
888 2658 1049 2700 turbari

95 2715 230 2757 debet
247 2716 270 2758 a
298 2716 411 2773 quafi
430 2716 672 2772 poffeffione
690 2717 808 2758 illum
826 2718 1049 2760 nominan-

96 2775 166 2816 di.
182 2776 280 2818 Nec
295 2774 567 2829 praesentatus
583 2778 715 2820 debet
734 2777 872 2836 rigide
889 2779 1048 2819 exami-

95 2836 186 2877 nari
202 2833 320 2878 causa
335 2838 453 2880 illum
473 2838 725 2891 rejiciendi,
755 2850 799 2879 ut
814 2836 1047 2881 resolutum

94 2893 212 2938 fuisse
226 2896 248 2938 a
265 2896 389 2940 Sacra
401 2899 757 2958 Congregatione
773 2899 963 2942 Concilii
980 2910 1048 2941 te-

91 2956 219 2998 statur
238 2957 467 3013 Pignattell.
485 2960 644 3014 confielt.
665 2973 684 2999 2
699 2973 713 3000 1
725 2964 764 2999 6.
779 2974 841 3010 n.5
855 2963 895 3000 6.
907 2969 1045 3011 tom.4.

40 3026 92 3067 17
157 3019 337 3074 Qarto.
355 3019 493 3062 Potest
505 3034 718 3076 apponere
735 3021 1047 3069 conditionem,

95 3078 214 3134 quod
235 3076 474 3133 praesentari
506 3080 661 3122 debeat
691 3081 743 3122 ad
763 3079 1048 3122 Beneficium..

93 3138 318 3180 Patronale
333 3140 487 3198 aliquis
504 3140 556 3182 de
570 3140 727 3182 familia
746 3138 962 3196 ipfius,sed
975 3154 1049 3197 ap-

93 3199 299 3253 ponendo
319 3202 424 3242 hanc
439 3202 733 3243 conditionem
753 3215 837 3243 non
853 3200 1048 3243 censetur

94 3256 271 3301 voluiffe
290 3260 362 3302 fibi
379 3261 514 3317 ligare
528 3275 689 3309 manus,
707 3262 851 3319 quoad
868 3260 1048 3318 praesen-

94 3318 281 3362 tationes
298 3322 349 3363 ab
366 3320 546 3378 ipsomet
562 3321 777 3364 faciendas
794 3351 807 3371 ‚
836 3324 943 3363 itaut
961 3336 1046 3365 non

94 3376 216 3435 poffit
231 3394 477 3425 extraneum
493 3380 741 3439 praesentare
758 3384 969 3435 Rot.dec.7
980 3395 996 3432 5
1008 3387 1048 3425 6.

88 3450 183 3493 par.
205 3453 244 3481 2.
262 3457 338 3484 rec.
361 3443 465 3487 &in
491 3444 623 3485 Ilcien.
654 3442 840 3499 Beneficii
871 3458 909 3484 2.
938 3443 1050 3503 ⁶Julii

101 3511 118 3538 1
129 3513 185 3603 71ῗ
190 3505 214 3539 6
219 3503 390 3604 ,8.ὶριιέὶα
403 3505 444 3547 in
459 3504 594 3547 ordine
610 3519 686 3547 cor.
703 3503 1024 3548 b02me21<aunitz
1038 3533 1050 3547 .

183 3575 256 3611 ars
325 3591 338 3604 .

393 182 494 244 De
507 180 719 267 Jurept
742 173 1125 243 Par.II.Can.
1147 173 1402 241 XXVII.
1423 172 1570 240 Cas?
1587 174 1688 238 III.

1997 193 2032 258 5
2036 197 2079 237 0
2091 197 2129 264 52

1109 296 1160 337 18
1224 293 1390 348 Qinto
1410 320 1422 332 .
1455 292 1671 334 Fundator
1687 290 1878 334 Ecclefiae
1896 291 2125 350 Collegia-

1162 366 1212 396 tae
1229 353 1368 409 potest
1397 354 1439 394 in
1453 353 1598 395 limine
1622 352 1887 395 fundationis
1906 367 2125 409 apponere

1162 414 1459 457 conditionem
1475 413 1688 455 retinendi
1708 415 1750 454 in
1765 412 1837 456 suo
1852 411 2024 458 servitio
2042 418 2123 460 ali-

1164 489 1293 533 quem
1311 488 1362 515 ex
1376 475 1610 517 Canonicis
1627 473 1745 515 dietae
1761 473 1969 524 Ecclefiae,
1985 481 2120 521 maxi-

1163 536 1230 577 me
1250 534 1275 575 fi
1293 533 1337 575 fit
1351 532 1527 589 persona
1544 534 1718 574 illustris
1734 562 1747 580 ,
1767 536 1864 577 &in
1884 535 2118 592 dignitate)

1163 596 1391 638 constituta
1409 623 1423 643 ‚
1452 596 1570 652 quod
1592 607 1676 635 non
1709 591 1844 648 poffet
1871 594 1896 635 fi
1914 597 1955 639 in
1973 599 2119 643 limine

1163 655 1430 698 fundationis
1452 653 1694 704 hujusmodi
1714 654 2009 700 conditionem
2030 674 2118 702 non

1163 729 1465 773 apponeret‚ut
1479 715 1558 757 fuit
1574 713 1805 757 resolutum
1824 716 1846 758 a
1865 716 1988 759 Sacra
2000 719 2121 763 Con-¹

1163 779 1413 834 gregatione
1430 776 1622 819 Concilii
1644 775 1686 815 in
1712 777 1925 831 Seguntina
1945 791 2015 819 20.
2042 782 2116 822 Fe-

1162 839 1320 879 bruarii
1344 850 1470 890 1593.
1488 837 1780 891 lib.7.pag.93.
1797 847 1908 894 tergo
1925 867 1937 878 .

1110 911 1161 948 19
1224 899 1355 942 Sexto
1371 927 1381 938 .
1414 898 1630 940 Fundator
1646 896 1836 939 Ecclefiae
1856 899 2116 959 Collegiatae

1162 960 1363 1001 inlimine
1382 957 1646 1000 fundationis
1665 958 1801 1013 potest
1816 957 1886 1000 fibi
1905 958 2120 1007 reservare

1159 1020 1226 1073 jus
1244 1019 1515 1063 concedendi
1532 1019 1573 1058 in
1589 1033 1637 1060 ea
1652 1019 1881 1075 Cappellas
1897 1049 1909 1067 ‚
1921 1021 2123 1077 Sepultu-

1164 1095 1231 1123 ras
1247 1092 1331 1129 ,‘ac
1361 1082 1452 1133 jura
1479 1076 1709 1135 sepeliendi
1740 1080 1858 1132 juxta
1889 1079 2119 1126 resolutio-

1166 1155 1260 1184 nem
1289 1142 1421 1183 Sacrae
1439 1141 1808 1199 Congregationis
1843 1141 2118 1187 Conciliiin..

1165 1202 1383 1258 Saguntina
1404 1216 1444 1254 3.
1472 1202 1715 1244 Novembris
1747 1213 1878 1254 1594.
1903 1202 1971 1243 lib.
1987 1204 2028 1243 8.
2045 1206 2116 1245 de-

1166 1275 1265 1304 cret.
1275 1275 1446 1319 pag.70.

1238 1324 1429 1379 Septimo
1446 1352 1457 1362 .
1491 1322 1708 1366 Fundator
1738 1326 1874 1379 potest
1900 1325 1943 1366 in
1969 1324 2118 1372 limine

1162 1380 1428 1426 fundationis
1443 1383 1640 1435 beneficii
1658 1398 1873 1440 apponere
1893 1387 2118 1430 conditio-

1164 1457 1257 1485 nem
1274 1472 1288 1492 ,
1324 1444 1491 1486 utillud
1512 1443 1557 1487 {it
1577 1457 1818 1500 exemptum
1850 1446 1902 1487 ab
1916 1449 2121 1491 omnibus>

1164 1505 1368 1547 oneribus
1391 1534 1403 1553 ,
1430 1519 1521 1562 quae
1538 1505 1734 1548 conditio
1765 1504 1790 1546 fi
1816 1505 1862 1548 sit
1880 1508 2118 1562 approbata.

1163 1565 1216 1606 ab
1243 1565 1469 1607 Ordinatio
1499 1594 1513 1613 ,
1546 1564 1799 1608 beneficium
1833 1580 1917 1608 non
1947 1580 2120 1612 tenetur

1163 1627 1442 1669 contribuere
1454 1626 1688 1668 Seminario
1702 1655 1715 1675 ‚
1736 1638 1778 1669 ut
1797 1625 1972 1669 resolvit
1989 1629 2116 1672 Sacra

1162 1687 1466 1746 Congregatio
1501 1686 1693 1729 Concilii
1721 1688 1764 1729 in
1796 1689 2013 1731 Corduben.
2047 1703 2116 1742 17.

1298 1777 1309 1788 .
1350 1753 1477 1801 1653.

1104 1819 1155 1847 21
1220 1809 1383 1850 Odtavo
1400 1837 1412 1848 .
1446 1807 1661 1850 Fundator
1691 1809 1825 1864 potest
1842 1823 2058 1866 apponere
2074 1810 2120 1856 in

1162 1868 1308 1910 limine
1340 1867 1607 1911 fundationis
1649 1868 1850 1911 Beneficii
1896 1871 2118 1915 conditio-

1162 1942 1257 1970 nem
1272 1958 1286 1977 ,
1318 1940 1363 1970 ut
1379 1927 1649 1985 praesentetur
1674 1930 1728 1970 ad
1743 1930 1851 1971 illud
1868 1931 2122 1973 Clericunu-

1159 1991 1301 2046 primae
1317 1987 1532 2035 Tonsurae;
1550 1992 1648 2045 Qo
1667 1987 1761 2031 casu
1776 1988 2015 2046 praesentari
2033 2003 2119 2035 non

1159 2052 1297 2107 potest
1309 2051 1505 2092 Clericus
1522 2052 1659 2092 minor
1682 2056 1747 2101 142
1763 2052 2012 2100 annorum,fi
2024 2051 2121 2096 fun-

1161 2112 1282 2153 datio
1302 2109 1430 2153 fuerit
1445 2109 1551 2152 finita
1580 2111 1668 2167 post
1687 2112 1931 2155 Concilium
1950 2143 1962 2160 ,
1995 2111 2115 2156 secus

1163 2170 1192 2213 fi
1208 2183 1329 2213 antea
1342 2201 1356 2220 ‚
1387 2183 1430 2212 ut
1446 2169 1525 2212 fuit
1553 2170 1782 2214 resolutum
1814 2173 1865 2215 ab
1884 2174 2032 2214 eadem
2048 2175 2122 2217 Sa-

1161 2246 1232 2274 cra
1250 2233 1608 2291 Congregatione
1639 2233 1831 2274 Concilii
1862 2234 1902 2273 in
1918 2235 2120 2277 Mutinen.

1162 2293 1446 2349 Beneficiorum
1482 2306 1548 2342 19.
1573 2293 1809 2347 Septembris
1846 2296 1976 2336 1682.
2011 2294 2062 2338 ὠ*
2081 2295 2123 2338 in

1163 2357 1388 2395 Faretrana
1426 2355 1492 2394 18.
1521 2353 1745 2395 Decembris
1767 2357 1839 2403 165
1854 2367 1893 2402 9.
1921 2356 2026 2398 &in
2040 2359 2117 2398 Sa-

1164 2413 1368 2456 lernitana
1389 2427 1457 2465 24.
1486 2414 1639 2455 Martii
1659 2419 1786 2467 1604.
1802 2414 1868 2455 lib.
1889 2428 1954 2456 10.
1971 2418 2120 2459 decret.

1161 2487 1258 2532 pag.
1278 2477 1348 2516 81.
1369 2475 1417 2517 &
1447 2475 1490 2515 in
1504 2474 1722 2517 Ualentina
1739 2480 1780 2515 6.
1816 2476 1966 2528 Aprilis
1989 2482 2118 2518 1606.

1165 2535 1232 2576 lib.
1246 2549 1310 2576 [ο.
1325 2535 1679 2590 decret.pag.149.
1695 2536 1807 2589 Qia
1827 2533 2119 2589 praesumitur‚

1164 2596 1427 2638 Testatorem
1446 2622 1459 2642 ‚
1475 2594 1618 2652 quoad
1637 2606 1799 2636 aetatem
1817 2592 1856 2636 se
1873 2595 2120 2639 conforma-2

1162 2669 1207 2698 re
1225 2652 1402 2699 voluisse
1421 2655 1624 2698 Concilio
1645 2655 1901 2697 Tridentino
1918 2673 1928 2701 ς
1955 2658 2120 2701 Dosto-

1162 2729 1230 2759 res
1246 2716 1350 2759 vero
1366 2744 1378 2763 ,
1409 2716 1482 2773 qui
1514 2714 1678 2757 firmant
1699 2715 1752 2757 ad
1765 2715 2022 2760 Beneficium
2051 2718 2119 2770 ju-

1160 2775 1466 2834 rispatronatus
1493 2773 1732 2832 praesentari
1761 2773 1874 2832 posse
1896 2778 2116 2822 Clericum

1161 2835 1405 2894 septennem
1424 2837 1657 2895 loquuntur
1673 2838 1715 2878 in
1729 2838 1921 2879 terminis
1939 2839 2114 2896 quando

1160 2899 1378 2940 Fundator
1400 2897 1590 2954 expreffit
1605 2898 1809 2940 minorem
1826 2910 1988 2940 :etatem
2005 2927 2018 2948 ‚
2046 2899 2117 2942 vel

1161 2959 1337 3016 quando
1381 2957 1639 3001 Beneficium
1670 2961 1851 3001 eredum
1883 2957 1964 3002 fuit
1994 2971 2116 3003 ante)

1160 3021 1432 3062 Concilium.

1105 3095 1155 3123 22
1218 3081 1381 3124 Nono.
1413 3078 1628 3122 Fundator
1647 3081 1690 3121 in
1719 3079 1864 3123 limine
1888 3079 2114 3126 fundatio-

1161 3142 1226 3182 nis
1254 3138 1453 3182 beneficii
1484 3140 1620 3195 potest
1648 3154 1862 3196 apponere
1893 3141 2113 3185 conditio-

1161 3215 1271 3249 nem,
1288 3199 1406 3258 quod
1424 3198 1694 3256 praesentatus
1711 3201 1764 3242 ad
1776 3201 1884 3243 illud
1897 3203 2113 3245 examina-

1160 3263 1194 3303 ri
1212 3275 1296 3303 non
1329 3261 1516 3309 debeat,
1549 3275 1637 3319 quo
1656 3258 1750 3303 casu
1777 3262 1887 3304 dista
1917 3263 2113 3307 conditio

1160 3321 1446 3377 intelligenda
1463 3324 1811 3378 venit‚quatenus
1827 3323 2000 3366 aliunde
2012 3338 2117 3367 con-

1161 3383 1240 3424 stet
1273 3380 1563 3438 praesentatum
1581 3379 1661 3424 effe
1686 3383 1789 3425 alias
1809 3384 2039 3432 idoneum,
2068 3394 2115 3424 ut

1162 3441 1339 3485 resolvit
1353 3443 1486 3491 'Sacra
1501 3445 1797 3500 Congregatio
1827 3445 2015 3488 Concilii
2031 3442 2116 3485 iri-.-

1161 3504 1404 3560 Sarsinaten.
1445 3516 1513 3556 17.
1542 3504 1788 3549 Novembris
1823 3509 1949 3556 1649.
1991 3503 2114 3544 relat.

1697 3564 1726 3607 S
1741 3579 1762 3608 s
1778 3578 1799 3607 s
2035 3576 2113 3621 pet

1106 1335 1160 1362 20
