2456 3802
378 141 702 228 DeJurep.
719 137 853 202 Par.
866 139 940 201 11.
962 145 1123 213 Can.
1140 142 1395 207 XXVII.
1419 141 1559 207 Cas?
1578 145 1709 207 XII.

120 265 215 298 ante
248 252 502 296 concionem
526 266 720 308 tempore
735 252 1069 311 Qadragefimae

121 314 148 356 fi
166 312 269 357 adfit
287 301 551 356 consuetudo
567 314 686 356 illum
705 315 767 355 ita
795 314 1069 356 celebrandi.

121 375 192 417 Ad
208 375 283 415 IV.
316 373 484 419 Dilata;
515 375 585 416 Ad
614 374 666 415 V.
685 373 964 427 Affirmative.
998 374 1068 415 Ad

118 435 191 477 VI.
206 441 406 479 Servetur
422 437 636 475 Decretum
663 433 889 488 Vifitatoris
914 434 1074 488 Aposto-.

118 495 187 536 lici
199 494 296 536 anni
315 506 440 546 1703.
457 494 526 536 Ad
542 494 634 536 VII.
652 493 910 548 Affi'rmative*
922 522 936 544 ‚
953 494 1001 537 &¹
1017 494 1067 535 ab

121 555 294 597 omnibus
307 553 602 596 Celebrantibus
619 556 638 595 ἓ

66 625 117 653 10
179 616 232 656 Et
247 617 290 656 in
307 614 542 669 squillacen.
558 614 626 656 Mi
654 627 682 654 Δ
699 615 1000 664 Conventualis‚
1015 615 1064 658 &-

118 674 389 718 Communeriae
403 689 421 715 2
431 687 469 725 4.
483 674 716 728 Septembris
736 687 751 713 1
763 687 786 725 7
799 688 812 714 1
824 689 862 715 2.
878 675 948 717 ubi
962 690 1067 717 con-

119 736 399 777 tendentibus
413 735 646 776 Canonicis
663 734 938 778 Cathedralis
953 749 1060 778 onus

121 794 248 837 Miffae
265 795 572 839 Conventualis
589 823 604 844 ‚
634 793 817 850 spectare
834 810 918 837 non
934 796 986 837 ad
1002 793 1064 837 ses

121 853 270 905 solos,
283 857 423 898 verum
441 857 564 897 etiam
581 855 632 896 ad
647 856 921 912 Presbyteros
935 857 1066 912 parti-

120 917 311 983 cipantes
329 916 381 957 de
397 916 574 973 quadam
591 913 745 963 Massa,
781 930 872 973 quae
886 922 1066 959 Commu-
1117 946 1120 948 -

119 976 231 1017 neria
251 988 510 1030 nuncupatur
526 978 803 1031 proveniente
835 991 886 1019 ex
902 978 984 1032 piis
1002 977 1067 1018 le-

122 1038 232 1094 gatis
246 1050 340 1079 cum
360 1034 565 1078 Miffarum
581 1049 741 1085 onere,
759 1040 798 1079 &
811 1034 1066 1080 Anniversa-
1066 1071 1071 1075 .

120 1097 296 1145 riorum,
308 1110 488 1155 quotum
501 1097 760 1138 celebratio·
749 1110 861 1139 inter
877 1097 1068 1140 Canoni-

123 1168 199 1199 cos
227 1185 241 1205 ‚
274 1160 315 1199 &
344 1156 622 1213 Presbytetos
657 1158 961 1213 participantes
992 1167 1067 1213 per

123 1215 302 1274 fingulas
319 1216 611 1259 hebdomadas
630 1244 643 1264 ‚
663 1218 886 1275 aequaliter
901 1218 1069 1260 divide-

122 1276 247 1318 batur
279 1293 292 1323 ;
324 1276 548 1333 Disputata
576 1276 749 1320 fuerunt
779 1277 1071 1335 infrascripta-a

121 1336 249 1379 dubia
266 1365 277 1378 .

58 1393 93 1435 1·
182 1401 245 1440 An
259 1412 353 1438 onus
381 1397 603 1440 celebrandi
627 1398 790 1456 Adtffim
815 1404 1069 1441 Conventua-

128 1455 362 1511 lemspec‘tet
371 1459 430 1499 ad
427 1458 535 1512 filos
545 1459 753 1500 Canonicos
767 1459 809 1502 in
822 1461 912 1512 casia
922 1458 1005 1502 &aa

61 1513 115 1555 11·
177 1522 239 1561 An
248 1518 431 1560 redditus
449 1519 583 1577 Maffae
597 1520 874 1562 Communeriae
889 1521 1067 1576 composi-

114 1584 170 1620 tae,
181 1591 235 1625 ex
253 1577 398 1635 legatis
414 1578 495 1633 piis
510 1606 524 1626 ‚
553 1579 720 1620 debeant
747 1579 882 1621 dividi
909 1580 951 1621 in
981 1591 1064 1621 tres

110 1647 254 1690 partes
265 1665 285 1686 .‚
312 1637 420 1696 itaut
463 1639 546 1679 duae
572 1638 815 1682 dividantur
859 1640 965 1682 inter
992 1644 1066 1681 Ca-

117 1698 271 1738 nonicos
285 1698 476 1747 tantum,
508 1697 557 1741 ὢν
571 1699 699 1740 tertia
709 1711 814 1752 pars
841 1700 946 1742 inter
965 1699 1065 1740 alios

116 1757 386 1825 Presbyter-os,
408 1759 478 1798 vel
487 1757 619 1812 potius
630 1759 771 1800 debeat
785 1760 989 1815 aequaliter
1002 1758 1068 1800 di-

114 1816 208 1858 vidi
224 1820 330 1858 inter
338 1818 515 1875 singulos
527 1818 735 1860 Canonicos
749 1847 763 1869 ,
795 1820 844 1863 ό*
861 1821 1068 1879 Presbyte-

115 1890 180 1918 ros
194 1876 235 1920 in
247 1879 340 1931 casu
355 1878 441 1923 &c-

59 1932 136 1977 111.
193 1942 254 1981 An
266 1938 516 1992 Capitulares
529 1950 744 1982 teneantur
755 1917 918 1984 reddere
931 1941 1059 1986 ratio-

114 1977 204 2039 nem
216 1999 456 2056 Presbyteris
465 1999 825 2054 participantibus'
808 2016 851 2043 m
867 2001 954 2054 casta
970 1999 1055 2044 ὠτ.

35 2101 38 2104 Δ
56 2054 130 2099 IV.
191 2060 253 2100 An
265 2058 554 2111 administratio
568 2062 998 2116 Communeriaespellet
1007 2062 1063 2102 ad

98 2118 205 2172 solos
219 2121 370 2161 Canon!
359 2134 432 2161 cos
441 2117 684 2174 privative,
709 2123 842 2176 quoad
855 2123 1064 2179 Presbyte-

114 2193 178 2220 ros
200 2178 243 2220 in
257 2182 346 2233 casu
360 2181 445 2224 &c-

56 2239 112 2282 V·
171 2243 234 2283 An
264 2241 491 2299 Presbyteri
510 2241 804 2296 participantes
834 2243 882 2284 de
911 2242 1062 2284 dieta...

111 2298 246 2356 Maffiae
262 2301 538 2343 Communeriae
549 2301 685 2359 pffnt
702 2303 759 2344 ad
781 2312 918 2344 nutum
936 2307 1064 2346 Cano-

113 2359 284 2401 nicorum
300 2362 481 2403 amoveri
494 2361 536 2403 in
548 2362 640 2415 casu
654 2362 738 2404 &c-

54 2418 128 2461 VI.
190 2424 266 2469 An,
283 2419 332 2463 ό
348 2423 530 2477 quomodo
531 2424 593 2478 fit
605 2435 788 2464 numerus
804 2423 1064 2482 Presbytero-

113 2491 202 2522 rum
216 2481 485 2522 reducendus
468 2494 510 2523 tn
525 2482 616 2535 casu
632 2481 716 2526 ὸτῡ.

0 2560 1 2572 ³
56 2539 153 2582 v11.
216 2542 276 2582 An
305 2540 408 2583 dim
436 2542 662 2601 Presbyteri
678 2542 970 2597 participantes
998 2556 1062 2586 te·-

114 2612 287 2645 neantur
299 2602 546 2644 intervenire
556 2603 920 2670 Chot0,cnterffue
932 2605 1063 2645 Sacris

114 2653 390 2703 Funfflonib'us
401 2662 526 2718 sicuti
551 2662 738 2704 canonici
751 2689 766 2711 ‚
783 2663 861 2716 seu
875 2665 1061 2718 quomodo

113 2719 157 2762 in
167 2722 256 2774 casu
270 2721 355 2765 &c-

174 2782 341 2838 Qibus
358 2781 452 2825 Sac.
467 2782 766 2842 Congregatio
793 2780 884 2840 resp
888 2781 1062 2827 onsum.)

115 2841 238 2883 dedit
250 2871 261 2882 .
293 2842 364 2884 Ad
379 2844 411 2885 1.
429 2841 707 2896 Affirmative.
723 2843 792 2888 Ad
810 2845 860 2886 11.
858 2799 1061 2898 pAffi‘rma-

113 2902 206 2944 sive
220 2904 351 2958 quoad
360 2904 534 2963 primam
545 2933 557 2953 ‚
586 2905 636 2947 (φ’
657 2904 846 2961 negative
859 2905 992 2960 quoad
993 2904 1061 2957 se-

116 2963 282 3004 cundam
302 2974 462 3018 partem
474 2991 488 3012 ‚
516 2965 625 3007 itaut
651 2965 817 3021 quilibet
844 2965 1061 3006 Canonicus

113 3022 260 3064 habeat
291 3023 477 3078 duplicem
508 3025 730 3078 portionem
758 3053 771 3074 ,
815 3024 865 3068 (θ’
898 3025 1063 3080 quilibet

113 3084 329 3139 Presbyter
345 3083 561 3140 fimplicem
588 3086 766 3140 exceptis
780 3084 922 3142 legatis
938 3114 951 3134 ‚
980 3085 1062 3128 in-‚

114 3144 254 3199 quibus
280 3143 388 3185 alids
411 3157 485 3198 per
503 3144 724 3196 Testatores
738 3145 960 3201 dispositum
970 3145 1065 3199 fue-

114 3203 198 3249 rit,
188 3220 197 3228 ·
229 3204 298 3248 Ad
316 3204 388 3246 111.
403 3205 638 3262 Negative,
653 3205 731 3258 sed
742 3205 822 3273 ff
826 3205 1064 3246 reddendam

116 3263 311 3310 rationem
329 3265 502 3320 Episcopo
528 3279 613 3307 cum
640 3265 710 3322 aff
691 3264 846 3319 stentta
861 3267 1065 3334 deputato

113 3336 204 3364 rum
213 3325 350 3383 eligen.
365 3341 391 3366 a
411 3326 661 3394 Presbyteris
671 3325 960 3374 Communeriae,
965 3341 1064 3367 com-

114 3384 327 3428 municatis
350 3386 570 3440 computis,
597 3397 790 3442 quatenus
799 3397 874 3439 per
891 3386 978 3440 istos
995 3398 1065 3440 pe-

111 3453 285 3488 tantur.
289 3447 374 3491 Ad
385 3449 458 3491 lv.
473 3445 760 3502 Affirmativi.
782 3446 918 3489 AdV.
933 3453 1065 3503 Nega-

2019 171 2152 231 535·

1190 253 1281 296 sive*
1296 282 1308 294 .
1340 253 1408 297 Ad
1424 256 1497 296 VI.
1515 254 1745 311 Negatt've'.
1781 254 1852 295 Ad
1872 254 1960 297 VH.
1994 259 2142 300 Serve-

1189 313 1429 366 tursolitum
1442 345 1453 356 .

1136 385 1152 412 1
1167 387 1183 413 1
1249 376 1303 416 Et
1319 375 1378 416 ita
1395 376 1487 430 Ego
1505 376 1631 416 etiam
1662 373 1892 417 sentiebam
1912 377 2079 419 studens
2095 379 2150 421 in,

1187 432 1265 474 hac
1283 431 1417 476 Causa
1437 435 1547 490 apud
1563 436 1610 476 R.
1629 436 1672 476 Ρ.
1694 436 1747 476 D.
1767 449 1904 477 meum
1921 438 2065 483 Petr23
2088 439 2141 480 Et

1191 493 1364 550 quidem
1387 496 1429 535 in
1463 496 1612 537 ordine
1628 495 1680 536 ad
1705 496 1885 550 primum
1906 497 2140 546 dubium,

1186 553 1471 607 Affirmative‘,
1500 555 1600 611 quia
1617 568 1723 596 onus
1739 554 1937 598 assistendi
1954 558 2109 600 Choro
2127 552 2158 606 ,'

1186 626 1235 655 ac
1251 615 1456 656 recitandi
1476 616 1677 657 Divinum
1697 614 1886 655 Officium
1918 614 2069 670 speetat
2085 619 2143 661 ad*

1189 670 1306 716 solos
1353 675 1634 722 Canonicos‚
1676 678 1715 716 &
1747 673 2058 732 consequenter
2086 678 2141 719 ad

1185 732 1300 790 ipsos
1317 748 1492 792 quoque
1510 737 1721 790 pertinere
1740 735 1871 777 debet
1890 737 2143 793 quotidiana.

1182 794 1423 838 celebratio
1442 793 1568 838 Miffae
1588 796 1902 837 conventualis
1936 809 2145 854 tanquam

1186 857 1393 911 praecipua
1407 870 1500 911 pars
1516 857 1615 898 Div
1591 859 1662 898 ini
1679 853 1842 897 Officii
1830 869 1943 905 Juxta
1959 858 2141 901 austori—
2194 899 2197 901 μ

1192 926 1302 956 tates
1317 913 1502 972 superius
1520 918 1672 959 relatas
1690 931 1752 955 nu.
1776 920 1840 956 16.
1853 917 2007 973 quibus
2025 917 2139 960 addo

1188 975 1354 1029 crispin.
1372 978 1418 1017 de
1433 978 1545 1031 visit.
1559 990 1694 1030 par.2.
1712 981 1750 1024 §.
1766 991 1784 1015 2
1796 993 1833 1016 0.
1848 990 1952 1017 num.
1975 992 1991 1016 2
2007 991 2042 1019 1.
2061 978 2144 1027 ubi

1185 1048 1261 1089 per
1280 1036 1492 1079 extensum
1516 1035 1644 1078 refert
1662 1038 1880 1078 decretum
1910 1039 1962 1079 ab
1992 1040 2143 1082 eadem

1186 1094 1310 1138 Sacra
1329 1100 1684 1153 congregatione
1708 1096 1875 1139 editum
1892 1099 1931 1138 in
1953 1099 2140 1150 Tuscula-

1186 1168 1240 1195 na
1260 1161 1323 1196 16.
1342 1158 1580 1200 Novembris
1614 1162 1687 1207 165
1703 1171 1741 1198 2.
1761 1170 1834 1212 per
1853 1158 1938 1199 haec
1959 1160 2087 1200 verba
2100 1182 2140 1192 --

1187 1218 1438 1273 Congregatio
1458 1218 1619 1259 Concilii
1646 1216 1795 1270 censuit
1822 1217 2031 1259 Canonicos
2058 1223 2143 1269 Ca-,

1184 1275 1378 1318 thedralis
1391 1280 1520 1318 teneri
1546 1278 1723 1333 quotidit³
1732 1277 1788 1318 ad
1797 1278 2145 1324 celebrationem-³,

1189 1336 1316 1393 Miffae
1331 1338 1650 1387 conventualis,
1676 1353 1750 1379 non
1769 1337 1938 1388 obstante
1953 1352 2140 1392 quacum-

1131 1402 1180 1430 12
1205 1409 1280 1449 que
1303 1398 1569 1450 consuetudine
1598 1398 1842 1440 contraria·
1844 1399 2036 1440 -adeout
2053 1395 2143 1443 ces·-

1184 1450 1302 1498 sante
1331 1458 1526 1516 legitimo
1562 1458 1871 1515 impedimento
1908 1470 2137 1515 nequeunt
2195 1513 2197 1515 K

1182 1515 1248 1557 illi
1263 1513 1502 1560 satisfacere
1532 1533 1605 1574 per
1637 1518 1926 1566 substitutum,
1956 1516 2029 1560 sed
2058 1518 2137 1560 de-

1183 1575 1285 1619 bent
1301 1591 1374 1633 per
1390 1575 1430 1619 se
1459 1575 1571 1633 ipsos
1587 1592 1735 1621 canere
1751 1576 1913 1620 Missam
1932 1581 2139 1622 Conven-

1185 1637 1342 1680 tualem
1356 1667 1368 1680 .
1400 1638 1558 1690 Barbos.
1569 1639 1616 1678 de
1629 1638 1722 1693 offic.
1740 1638 1789 1681 (φ
1799 1638 1938 1693 potest.
1963 1638 2141 1692 Episcopi

1175 1709 1270 1751 par.
1287 1712 1326 1752 3.
1343 1698 1461 1755 alleg.
1480 1710 1499 1748 5
1510 1712 1549 1751 3.
1581 1714 1684 1739 num.
1707 1711 1722 1737 1
1734 1711 1802 1749 37.
1831 1699 2007 1741 Hurtad.
2024 1697 2140 1750 resol.

1181 1760 1321 1798 moral.
1338 1770 1432 1799 tom.
1442 1772 1477 1798 1.
1490 1759 1615 1800 trat‘i‘.
1624 1772 1662 1800 2.
1677 1770 1761 1812 cap.
1769 1770 1806 1807 ς.
1825 1772 1931 1799 num·
1939 1770 2039 1808 205.
2045 1758 2136 1804 Cri-

1169 1817 1277 1870 spin.
1289 1819 1392 1859 dtft‘o
1413 1824 1451 1866 §.
1459 1833 1527 1859 20.
1544 1833 1650 1861 num.
1657 1832 1725 1872 34.

1243 1878 1312 1920 Ad
1331 1879 1602 1920 Secundum.
1592 1877 1873 1933 ·Affirmative
1900 1878 2032 1932 quoad
2049 1877 2142 1931 pri-

1181 1951 1302 1986 mam,
1321 1937 1368 1981 ό
1389 1940 1588 1994 Negative
1604 1940 1735 1994 quoad
1748 1939 1962 1979 Secundam
1967 1950 2140 1990 partem,

1181 1998 1288 2039 itaut
1313 1999 1497 2056 quilibet
1514 2000 1756 2040 Canonicus
1776 1999 1928 2039 habeat
1948 1998 2139 2054 duplicate.

1178 2070 1262 2100 tam
1280 2061 1536 2114 portionem,
1550 2064 1589 2101 δε
1610 2060 1792 2116 quilibet
1809 2059 2036 2114 Presbyter
2051 2056 2142 2100 fini-2

1179 2118 1334 2174 plicem
1362 2121 1553 2174 exceptis
1581 2120 1734 2174 legatis
1755 2147 1769 2166 ‚
1795 2120 1838 2160 in
1857 2119 2012 2176 quibus
2029 2118 2136 2160 alias

1182 2193 1257 2234 per
1277 2182 1496 2224 testatores
1517 2178 1756 2235 dispositum
1773 2178 1900 2220 fuerit
1915 2209 1928 2221 .
1949 2179 2060 2236 Qia
2076 2179 2135 2220 ita

1183 2237 1263 2280 fuit
1280 2242 1554 2284 Conventum
1585 2241 1627 2280 in
1658 2240 1938 2281 Instrumento
1968 2238 2137 2293 stipula«,

1181 2310 1229 2341 to
1257 2312 1367 2342 anno
1390 2312 1516 2351 1491.
1547 2301 1657 2344 Inter
1675 2300 1923 2344 Canonicos
1939 2326 1952 2347 ,
1983 2303 2022 2341 &
2040 2300 2141 2342 Pre-

1184 2359 1264 2415 sby
1269 2371 1420 2402 teros.

1127 2428 1175 2468 13
1234 2420 1309 2462 Ad
1328 2421 1557 2463 Tertium·
1548 2419 1812 2476 ·Negative‚
1837 2420 1937 2476 quia
1966 2419 2020 2462 de
2031 2383 2138 2474 Jure
2175 2441 2185 2464 ,-

1185 2482 1399 2522 communi
1428 2480 1728 2522 administratio
1765 2478 1899 2520 Maffae
1945 2492 2142 2521 commu-

1180 2541 1280 2588 ·nis,
1298 2538 1364 2581 seu
1384 2540 1593 2582 Bonorum
1610 2538 1799 2581 Ecclefiae
1818 2535 1971 2592 spectat
1987 2539 2038 2580 ad
2055 2538 2142 2581 Ca-

1185 2600 1364 2642 nonicos
1369 2601 1460 2656 ‚qui
1473 2600 1626 2642 habent
1641 2599 1804 2654 plenam
1821 2597 2064 2640 facultatem
2085 2598 2139 2643 512

1186 2659 1227 2701 la
1258 2659 1600 2708 administrandi,
1628 2663 1668 2701 &
1695 2657 1747 2700 dc
1780 2657 1864 2699 illis
1881 2655 2137 2714 disponendi

1187 2717 1344 2777 absque
1363 2733 1446 2767 eo,
1476 2720 1593 2777 quod
1611 2719 1735 2760 ullam
1758 2719 1964 2760 rationem
1981 2717 2140 2760 redde·
2180 2738 2188 2762 t

1187 2793 1232 2822 re
1249 2792 1472 2822 teneantur
1489 2778 1751 2822 Beneficiatis
1771 2778 2066 2826 Portionariis,
2070 2775 2141 2821 seu

1188 2841 1279 2882 aliis
1297 2838 1631 2898 quibuscumque
1647 2838 1946 2893 Presbyteris,
1965 2837 2057 2881 cum
2076 2838 2140 2880 isti

1187 2901 1372 2943 debeant
1402 2901 1563 2942 tantum
1588 2899 1741 2942 servire
1768 2897 1999 2946 Ecclefiae,
2028 2911 2141 2940 non„-

1187 2973 1326 3002 autem
1360 2959 1399 3001 se
1424 2962 1618 3016 ingerere
1651 2961 1694 3000 in
1711 2958 2091 3001 administratione
2079 2971 2143 2999 1n

1192 3033 1297 3063 tr01t
1306 3034 1400 3062 uum
1414 3020 1606 3062 Ecclefiae
1622 3048 1635 3067 ,
1652 3032 1696 3061 ut
1712 3031 1860 3061 tenent
1876 3017 2020 3075 Gloffi
2004 3031 2045 3059 tn
2057 3029 2140 3072 cap.

1181 3081 1332 3137 penult.
1364 3080 1407 3120 in
1420 3082 1534 3122 verb.
1568 3080 1714 3138 Affistos
1742 3080 1789 3120 de
1806 3078 1944 3120 Cleric.
1961 3093 2034 3118 non
2050 3080 2143 3134 resi-

1187 3143 1259 3184 den
1274 3169 1286 3190 ,
1302 3140 1431 3195 ibique
1449 3144 1564 3182 Butr.
1575 3154 1678 3181 num.
1694 3141 1733 3181 8.·
1753 3167 1767 3188 ‚
1800 3138 1850 3182 ὁ·
1872 3139 1961 3180 Abb.
1977 3152 2079 3178 num.
2100 3151 2141 3187 9.

1186 3207 1278 3246 Rot.
1294 3215 1422 3242 coram
1433 3200 1573 3254 Caeflzr.
1589 3200 1635 3241 de
1646 3199 1776 3257 Graffi
1787 3198 1899 3251 decis}
1909 3212 1951 3251 4.
1963 3210 2036 3253 per
2050 3209 2140 3246 tot„

1188 3263 1236 3303 de
1251 3262 1326 3310 his,
1342 3275 1425 3315 quae
1429 3262 1539 3317 fiunt
1555 3259 1583 3301 ἃ
1595 3260 1738 3302 maiori
1746 3271 1866 3314 parte
1882 3258 2071 3313 Capituli,
2089 3257 2139 3301 (θ’

1190 3337 1318 3365 coram
1335 3322 1479 3364 Verall.
1494 3322 1607 3374 decis.
1626 3321 1694 3372 84.
1713 3334 1817 3362 num.
1839 3334 1879 3361 2.
1887 3331 1983 3375 par.
2006 3331 2022 3358 1
2044 3347 2057 3366 ‚
2090 3317 2140 3360 ὁ·

1188 3398 1319 3425 coram
1337 3378 1526 3425 Cavaler.
1541 3381 1653 3434 decis.
1673 3393 1742 3432 57.
1756 3395 1861 3422 num.
1882 3392 1918 3419 1.
1934 3407 1949 3427 ,
1968 3378 2136 3432 &fiqq.

1187 3444 1237 3488 (θ’
1251 3442 1361 3497 decis.
1378 3456 1395 3483 1
1406 3445 1428 3485 8
1437 3456 1493 3496 3.,
1507 3441 1557 3486 &⁶
1578 3443 1673 3492 189.
1684 3455 1757 3497 per
1771 3451 1845 3483 tot.
1854 3452 1946 3494 par.
1965 3449 2135 3535 preci-g.

2122 3507 2137 3535 t
