2456 3802
331 271 456 333 522

322 367 399 410 suae
415 364 684 408 conscientiae
706 363 1020 407 moderatorem
1037 391 1050 412 ,
1066 377 1113 405 ac
1130 362 1276 404 Theo-

320 430 467 482 logum
483 424 633 482 selegit
650 424 927 467 Sacerdotem
947 424 1178 467 Camillum
1195 424 1273 464 Pa-

316 487 524 531 scuccium
541 515 554 535 ,
587 487 654 528 cui
686 484 862 527 subinde
892 484 1166 526 Cathedralis
1192 483 1275 526 Ec·-

317 547 447 591 clefiae
462 547 768 589 Canonicalem
787 545 1055 602 praebendam
1073 544 1274 587 contulit.

318 610 530 668 Qoniam
566 609 666 650 vero
697 606 769 648 sub
787 619 898 648 anno
928 618 1054 656 1710.
1088 620 1186 646 mox
1206 604 1275 645 di-

320 675 407 713 etus
421 667 665 711 Pascuccius
679 681 752 723 per
768 667 972 708 trimestre
987 663 1184 722 Episcopi
1195 665 1276 706 La-

320 734 399 775 teri
431 729 599 771 adhaefit
628 730 670 768 in
683 727 846 782 oppido
863 727 991 766 Acuti
1011 753 1024 772 ,
1057 725 1276 781 plerique:

321 807 372 835 ex
405 789 639 834 Cuuonicis
655 788 697 828 in
713 786 887 827 dubium
906 798 1108 827 revocare
1130 797 1277 839 coepe-

321 865 417 898 runt
433 881 446 901 ‚
477 863 572 891 num
591 843 759 900 hujusce
785 842 980 887 absentiae
998 857 1192 901 tempore
1207 843 1276 885 lu-

319 913 521 957 crifacere
553 905 638 964 ipse
670 905 789 962 poffit
819 903 1022 959 ejusmodi
1043 904 1275 961 praebendae

321 983 554 1032 proventus
569 997 582 1017 ,
615 968 690 1026 qui
718 981 770 1009 ex
789 966 1056 1024 quotidianis
1077 964 1276 1008 distribu-

321 1034 511 1077 tionibus
544 1033 711 1084 integre
744 1026 1078 1072 constituuntur3
1110 1030 1274 1088 Qarea

319 1092 577 1152 praelaudato
597 1086 817 1129 Pascuccio
834 1086 886 1128 ad
900 1086 995 1130 AC.
1010 1097 1276 1142 provocante

322 1155 442 1212 super
459 1150 711 1194 executione
729 1148 890 1189 decreti
906 1148 1085 1189 emanati
1102 1147 1144 1188 in
1162 1146 1276 1188 Ana-

327 1219 454 1272 gnina
477 1213 564 1254 diei
585 1223 650 1261 17.
668 1208 829 1265 Aprilis
871 1212 997 1258 1706.
1014 1235 1027 1256 ‚
1060 1205 1276 1265 quojam2

325 1272 506 1318 decisum
535 1270 780 1327 perhibetur
809 1298 822 1317 ,
855 1268 1121 1310 Canonicum
1150 1265 1284 1308 fami-2>

323 1338 466 1379 liarem
483 1328 678 1388 Episcopi
703 1330 745 1371 in
764 1326 824 1372 sui
853 1326 1040 1371 absentia
1054 1329 1274 1384 percipere

326 1394 436 1453 posse
454 1391 786 1439 distributiones,
800 1386 938 1431 amissa
953 1389 1171 1431 dumtaxat
1185 1399 1274 1428 ter-

326 1460 384 1499 tia
401 1467 516 1512 parte
539 1482 551 1502 ,
584 1451 828 1507 Capitulum
849 1478 862 1499 ‚
895 1453 935 1492 &
951 1449 1162 1492 Canonici
1177 1459 1274 1488 exa-

328 1528 522 1576 gerantes
540 1543 552 1562 ,
578 1510 881 1557 resolutionem
902 1510 1242 1566 praeindicatam-2
1258 1536 1271 1556 ‚

326 1579 446 1619 unica
478 1575 640 1616 tantum
674 1574 795 1614 Parte
827 1570 1082 1613 informante
1115 1597 1129 1617 ‚
1171 1580 1272 1609 tunc

324 1633 526 1680 emanasse
547 1662 562 1683 ‚
592 1630 917 1676 controversiam
950 1628 1187 1682 hujusmodi
1218 1627 1273 1670 ad

324 1699 487 1740 Sacram
510 1692 905 1750 Congregationem
935 1689 1183 1732 remiserunt
1200 1716 1212 1727 ·

383 1755 509 1797 Unde
522 1751 737 1810 propofito
750 1751 905 1792 dubio:
923 1754 982 1791 An
999 1752 1189 1791 Canonico
1199 1752 1274 1790 Ca·-

326 1817 429 1860 millo
455 1813 653 1868 Pnscuccio
677 1809 885 1852 Familiari
908 1839 922 1858 ,
953 1809 1002 1853 ὠ·
1031 1807 1273 1861 commensali

325 1876 512 1931 Episcopi,
529 1873 580 1916 &⁶
586 1886 661 1927 per
677 1873 859 1913 eumdem
876 1869 916 1911 in
921 1870 991 1923 sui
1006 1870 1274 1926 Theologum-..o

323 1940 506 1996 aſjumpto
521 1963 534 1982 ,
564 1934 613 1977 ὢν
626 1932 732 1987 apud
745 1931 920 1972 eumdem
937 1931 1156 1985 Episcopum
1170 1939 1272 1971 tem-

315 2010 409 2053 pore
437 1995 580 2037 aefiivo
603 1995 805 2049 degentem
835 1990 877 2031 in
896 1991 1026 2032 Terra
1059 1989 1174 2034 Acuti
1205 1990 1274 2030 de-

324 2060 494 2100 beantur
524 2053 810 2108 distributiones
843 2051 1081 2106 quotidiana
1096 2079 1110 2100 ,
1140 2049 1189 2094 ἐν
1196 2062 1271 2104 pro

326 2134 406 2175 qua
420 2127 541 2171 parte
566 2117 584 2158 ἒ
612 2109 868 2170 Responsum
883 2111 991 2154 fuit:
1015 2110 1273 2167 Affirmative

327 2178 451 2230 amisa
492 2175 620 2218 tertia
647 2178 770 2216 Parte
786 2203 798 2215 .

383 2240 429 2281 In
447 2252 571 2296 quam
588 2232 839 2276 sententiam
851 2238 944 2293 Ego
956 2246 1132 2291 quoque
1147 2231 1272 2276 incli-

328 2300 474 2342 nabam
493 2298 657 2338 studens
679 2297 721 2336 in
741 2296 817 2336 hac
834 2292 969 2353 causa,
985 2294 1095 2349 apud
1114 2294 1269 2337 R.1>.D.

326 2372 460 2401 meum
478 2358 614 2398 Petra.
629 2355 794 2396 Etenim
806 2354 1036 2411 Episcopus
1054 2358 1193 2410 potuit
1208 2352 1272 2396 as-

324 2417 483 2461 sumere
499 2416 766 2460 Canonicum
785 2411 1049 2458 Pascuccium
1065 2418 1118 2466 ad
1136 2416 1196 2459 sui
1212 2415 1272 2458 fa-

324 2479 542 2525 mulatum,
559 2478 633 2534 qui
651 2476 789 2518 eidem
801 2474 1002 2518 inserviat
1015 2474 1132 2527 juxta
1148 2478 1268 2520 Text.

324 2539 365 2581 in
396 2550 479 2592 cap.
504 2539 552 2578 de
570 2547 704 2577 caetero
726 2565 739 2585 ,
770 2536 818 2580 (9-
849 2537 892 2577 in
912 2548 995 2589 cap·
1015 2536 1070 2575 ad
1099 2537 1272 2580 Audien-

324 2600 498 2648 tiam15.
516 2598 562 2639 de
576 2596 787 2638 Cleric.non
808 2598 994 2652 resid.,Et
1013 2597 1104 2640 cum
1123 2611 1271 2641 omnes

323 2656 479 2703 fructus
495 2687 508 2707 ‚
524 2658 605 2702 five
622 2658 814 2700 redditus
831 2657 1021 2699 Ecclefiae
1034 2658 1271 2702 Cathedta-

323 2721 376 2762 lis
402 2720 636 2776 Anagninae
661 2717 879 2761 confistant
898 2718 940 2759 in
965 2718 1271 2761 distributioni-

322 2782 402 2823 bus
418 2778 679 2836 quotidianis
694 2779 833 2820 eidem
855 2780 1083 2821 Canonico
1109 2779 1272 2821 deben-

327 2854 396 2882 tur
418 2840 508 2881 duae
526 2853 576 2881 ex
595 2840 732 2880 tribus
762 2839 951 2896 partibus
984 2838 1056 2880 dd.
1074 2839 1270 2884 distribu-

326 2902 489 2943 tionum
522 2928 539 2950 ,
567 2898 775 2942 reservata
805 2900 930 2941 tertia.
960 2911 1078 2954 parte
1098 2898 1268 2942 favore)

321 2962 639 3003 Canonicorum
668 2961 758 3001 ac’tu
787 2959 904 3002 dietae
922 2958 1111 3002 Ecclefiae
1138 2958 1269 3003 inser-

324 3022 543 3066 vientiunu
558 3022 729 3076 Fagnan.
741 3019 782 3061 in
791 3020 831 3060 d.
844 3031 926 3073 cap.
940 3020 987 3061 de
999 3031 1133 3062 caetero
1142 3035 1207 3062 nu.
1214 3034 1268 3073 3..

325 3081 494 3137 &fiqq-
505 3080 669 3133 Barbas.
686 3081 733 3121 de
747 3079 841 3134 offi'c.
853 3109 867 3129 ,
880 3079 930 3123 ὁ»
940 3078 1088 3135 potest.
1100 3079 1270 3135 Episcopi

327 3141 444 3196 alleg.
466 3153 484 3190 ς
496 3155 534 3193 3.
550 3155 654 3182 num.
675 3153 772 3194 143.
786 3168 799 3189 ,
817 3141 889 3183 ubi
903 3141 1031 3183 refert
1045 3137 1270 3184 resolutio-

325 3212 419 3240 nem
447 3199 630 3253 ejusdem
659 3201 790 3242 Sacrae
819 3203 1182 3257 Congregationis
1198 3203 1269 3244 in..

325 3271 406 3299 una
433 3261 731 3313 compostellana
752 3276 791 3303 2.
816 3261 926 3319 “Julii
944 3266 1021 3312 163
1031 3275 1070 3312 3.
1099 3260 1269 3304 favore)

324 3316 611 3366 familiaris,aC
630 3321 815 3378 Magistri
835 3322 1021 3364 cubiculi
1038 3322 1153 3364 illius
1170 3323 1270 3378 Epi-

327 3375 443 3432 scopi
459 3405 470 3415 .
502 3382 627 3418 Garz.
640 3381 686 3420 de
701 3382 868 3436 Benefic.
876 3391 988 3436 part.
995 3395 1033 3434 3.
1049 3395 1130 3437 cap.
1147 3396 1187 3424 2.
1202 3382 1270 3424 tit.

324 3438 372 3477 de
398 3438 510 3488 restd.
535 3436 689 3491 Dignit.
706 3445 850 3480 Canon.
870 3457 974 3483 num.
995 3455 1015 3493 3
1027 3454 1045 3491 5
1060 3456 1095 3484 1.
1113 3442 1274 3498 Pignat-

328 3496 411 3538 tell.
438 3496 596 3549 consult.
623 3507 694 3545 49.
708 3507 799 3539 tom.
819 3510 856 3548 ς.
872 3527 885 3548 ,
919 3500 967 3544 &⁶
995 3503 1152 3556 consult.
1174 3515 1190 3543 1
1205 3514 1271 3553 15.

324 3571 427 3598 num.
450 3568 520 3608 27.
533 3566 626 3598 tom.
645 3569 685 3606 9.

686 249 1176 314 Commentaria
1210 250 1292 314 ad
1328 249 1606 338 singulos
1637 253 1938 315 Canones

1455 366 1572 411 Idem
1605 365 1732 407 etiam
1748 362 1979 407 sentiebam
2004 365 2147 410 inuna
2172 366 2354 408 Leodien.

1385 426 1598 480 fruc‘luum
1630 454 1644 474 ,
1675 424 1726 469 (φ
1755 424 2072 476 distributionum
2104 440 2170 481 Ξ»
2185 431 2354 468 Decem-

1400 487 1482 528 bris
1519 499 1646 539 1713.
1663 515 1677 535 ,
1706 486 1780 528 ubi
1812 483 2057 542 suppliciter
2087 501 2352 543 exponente..-

1391 546 1585 604 Josepho
1613 547 1840 590 Clemente
1873 562 1923 589 cx
1942 548 2131 590 Ducibus
2169 550 2351 590 Bavariae

1400 605 1611 664 Episcopo
1625 636 1639 656 ,
1670 611 1710 650 δι
1726 607 1917 664 Principe
1942 607 2165 651 Leodienfi
2182 637 2194 657 ,
2229 609 2350 666 quod

1400 682 1478 723 pro
1497 669 1719 724 impiorum
1735 668 1983 724 dogmatum
1997 670 2348 725 extirpatione,ac

1396 742 1477 783 pro
1495 728 1619 771 'bono
1631 757 1644 778 ‚
1673 727 1878 786 felicique
1910 729 2115 785 regimine
2143 729 2349 772 Dioeccfis

1402 801 1489 830 tum
1515 789 1710 831 locorum
1735 802 1909 831 numero
1925 817 1937 837 ‚
1959 801 2047 831 tum
2079 790 2198 832 Cleri
2213 790 2351 831 Saecu·

1399 849 1505 898 lari,
1521 852 1561 891 δι
1576 848 1795 905 Regularis
1811 850 1934 904 copia
1947 849 2136 908 undique
2153 848 2348 907 ampliffi-

1399 922 1472 950 mae
1487 937 1500 958 ‚
1527 910 1834 966 quamplurium
1860 909 2234 955 Ecclefiasticarum
2247 911 2348 954 Per-

1399 967 1592 1011 sonarum
1634 983 1763 1026 opera
1803 970 2030 1013 admodum
2076 970 2293 1027 indigeret
2325 999 2339 1020 ,

1399 1029 1469 1071 SS.
1487 1030 1543 1071 D.
1559 1031 1615 1074 N.
1630 1044 1681 1072 ex
1691 1043 1796 1073 voto
1809 1059 1822 1079 ,
1835 1031 1965 1073 Sacrae
1978 1031 2344 1089 Congregationis

1400 1090 1589 1132 Concilii
1609 1104 1703 1133 cum
1720 1089 2007 1144 hujuscemodi
2021 1091 2193 1134 Indulto
2212 1092 2345 1134 coho-

1399 1150 1556 1193 nestare
1574 1154 1631 1195 est
1647 1152 1858 1207 dignatus:
1872 1151 1962 1193 Tibi
1971 1152 2027 1192 ad
2037 1152 2342 1208 quinquennium

1395 1210 1423 1250 d
1435 1212 1533 1253 data
1544 1211 1790 1266 praesentium
1802 1213 2099 1268 computandum
2112 1213 2225 1254 dt‘Hae
2236 1211 2344 1256 Dia-

1396 1273 1487 1327 cesis
1515 1272 1729 1326 Leodiensis
1751 1285 1867 1327 opera
1882 1272 1923 1315 in
1938 1274 2006 1326 usu
2033 1271 2245 1329 Regiminis
2255 1274 2342 1326 eju-

1382 1333 1498 1384 sdem
1525 1332 1701 1389 Dia-cesis
1719 1361 1734 1381 ,
1763 1346 1829 1374 nec
1854 1348 1928 1375 non
1941 1334 1982 1375 in
1996 1347 2233 1390 quocumque
2236 1332 2341 1386 fun—

1396 1392 1522 1434 {lione
1538 1421 1551 1441 ,
1567 1394 1643 1447 seu
1658 1407 1837 1442 munere,
1867 1394 1973 1450 quod
1985 1405 2024 1436 te
2039 1394 2150 1446 ‚five
2166 1393 2228 1435 uu*
2237 1406 2340 1447 pra-

1394 1452 1506 1494 dieta
1518 1454 1686 1509 Ecclesia
1704 1454 1882 1496 Leodien.
1898 1482 1912 1502 ,
1930 1455 2060 1509 quoad
2069 1453 2339 1509 temporalia...

1381 1514 1511 1566 filum
1526 1542 1540 1562 ,
1569 1515 1644 1569 quo*
1661 1514 1761 1556 vere?
1789 1514 1845 1556 ad
1856 1514 2090 1569 Spiritualia
2110 1543 2124 1563 ,
2155 1514 2204 1558 ό·
2218 1513 2270 1557 ab
2282 1514 2341 1556 eis

1394 1573 1650 1627 dependentia
1678 1573 1757 1615 und
1775 1588 1858 1616 cum
1875 1574 2234 1628 coadministratore
2248 1601 2264 1624 ,
2294 1585 2340 1617 ut

1387 1633 1601 1688 praefertur
1616 1663 1630 1683 ‚
1644 1635 1828 1688 deputato
1843 1663 1856 1684 ,
1871 1634 1921 1678 &¹
1931 1647 2005 1689 pro
2019 1646 2190 1689 tempore
2204 1637 2341 1677 austo-

1393 1695 1519 1736 ritate
1553 1693 1764 1749 Apostolica
1788 1695 2006 1749 deputando
2035 1694 2338 1749 Adminssrato-

1394 1769 1479 1796 rem
1494 1757 1607 1811 ,five
1615 1753 1677 1796 uti
1691 1754 1908 1809 Principem
1922 1754 1963 1794 in
1976 1755 2253 1810 temporalibus
2265 1771 2339 1796 ra-

1398 1815 1552 1857 ratione
1580 1814 1752 1870 ejusdem
1786 1816 1954 1871 Ecclefiae
1981 1827 2187 1861 concernat
2209 1843 2223 1865 ,
2253 1815 2340 1858 ubi-

1394 1889 1554 1933 cumque
1583 1875 1706 1918 etiam
1732 1887 1856 1919 extra
1885 1875 2338 1932 Dioecess'mpraefatanLa

1394 1937 1516 1993 degas
1528 1965 1541 1986 ,
1553 1936 1617 1978 uti
1628 1935 1762 1984 libere,
1781 1934 1831 1980 &⁹
1845 1935 1952 1978 licite
1958 1936 2070 1996 poffi's
2087 1966 2101 1985 ‚
2130 1937 2194 1981 ita
2206 1948 2340 1981 tamen

1391 2007 1437 2038 ut
1464 2011 1518 2038 ex
1542 2010 1781 2053 quacumque
1799 1996 1963 2051 Ecclesia
1981 2025 1996 2047 ‚
2014 1999 2110 2054 stve
2127 1996 2304 2040 Leodien.
2322 2025 2338 2046 ,

1377 2058 1472 2112 sive
1498 2057 1582 2099 alia
1601 2056 1799 2099 Civitatis
1823 2086 1838 2107 ‚
1868 2057 1919 2101 ὰ
1932 2057 2111 2114 Dioecests
2124 2057 2339 2110 hujusmodi

1390 2132 1464 2160 non
1473 2118 1606 2172 plures
1620 2145 1635 2167 ‚
1650 2115 1769 2172 qudm
1783 2118 1876 2159 duos
1892 2119 2056 2177 affiemas
2071 2146 2085 2168 ,
2102 2118 2151 2161 &⁴
2165 2118 2339 2161 dummo-

1390 2178 1437 2219 do
1454 2178 1526 2233 ipsi
1543 2177 1726 2220 Canonici
1736 2178 1785 2231 se
1798 2179 2067 2220 criminalibus
2081 2179 2246 2236 negotiis
2259 2192 2333 2220 non
2383 2232 2387 2237 Ι

1389 2239 1625 2292 immisceant
1639 2267 1654 2288 ‚
1684 2238 1885 2281 licentiam
1895 2268 1908 2287 ‚
1933 2239 1981 2281 ό·
1996 2239 2242 2293 facultatem
2258 2254 2332 2280 au-

1389 2300 1578 2341 Horitate
1604 2297 1815 2352 Apostolica
1833 2309 1966 2340 tenore
1978 2298 2226 2354 praesentium
2241 2313 2332 2343 con-

1387 2358 1556 2401 cedimus
1568 2387 1583 2406 ,
1613 2358 1665 2402 &⁸
1677 2358 1928 2412 impartimur
1939 2387 1953 2408 ‚
1978 2373 2023 2400 ac
2037 2358 2190 2415 insuper
2202 2364 2331 2404 Cano-

1387 2418 1671 2475 nicispraefatis
1687 2446 1701 2467 ,
1721 2420 1828 2473 quod
1839 2420 1955 2461 donec
1971 2419 2012 2461 in
2024 2419 2332 2475 muneribnsstbi

1381 2493 1456 2536 per
1458 2480 1506 2532 st
1517 2507 1530 2527 ,
1546 2480 1678 2536 quoad
1687 2479 1918 2534 temporalia
1920 2480 2066 2533 solum,
2081 2481 2155 2536 quc)
2170 2479 2268 2525 vero*
2279 2480 2335 2522 ad

1387 2538 1622 2594 Spiritualia
1635 2567 1649 2588 ,
1677 2538 1726 2582 ό*
1741 2541 1791 2581 ab
1807 2540 1863 2581 eis
1878 2540 2133 2593 dependentia
2150 2538 2229 2582 und
2245 2554 2331 2582 cum
2385 2582 2387 2584 .

1389 2598 1771 2642 (ῖοαᾶηιίηἰέῖνσιονε
1799 2600 1968 2655 praefato
1997 2600 2136 2658 vigore
2159 2601 2330 2655 prasen-

1387 2661 1489 2703 tium
1513 2659 1863 2716 impositisffuerint
1878 2661 2052 2716 occupati
2064 2662 2113 2703 ab
2122 2674 2252 2704 eorum
2262 2675 2330 2702 re-

1375 2719 1562 2776 speft'ive
1574 2721 1749 2777 Ecclesiis
1764 2721 1884 2780 abff
1902 2749 1915 2770 ,
1932 2736 1976 2762 ac
1993 2721 2153 2764 interim
2172 2720 2302 2763 omnia
2316 2751 2329 2771 ‚

1387 2781 1595 2838 &singula
1609 2809 1623 2830 ‚
1640 2781 1806 2836 fruHus
1817 2809 1831 2830 ‚
1859 2781 2038 2823 redditus
2051 2810 2066 2831 ‚
2083 2791 2304 2837 proventus
2316 2809 2332 2831 ,

1387 2842 1516 2901 ‘Jura,
1531 2842 1796 2891 obventiones,
1812 2856 1858 2884 ac
1873 2843 2128 2884 emolumenta
2145 2854 2331 2897 quacum-

1386 2916 1460 2956 que
1472 2915 1520 2942 ac
1535 2899 1834 2944 distributiones
1859 2901 1982 2944 etiam
1997 2901 2250 2958 quotidianas
2262 2916 2331 2943 or-

1384 2960 1565 3003 dinarias
1580 2990 1594 3011 ‚
1626 2961 1676 3005 &⁴
1693 2973 1817 3005 extra
1840 2961 2068 3012 ordinarias
2084 2990 2098 3012 ‚
2131 2961 2182 3006 ό·
2197 2961 2255 3004 ad
2267 2974 2330 3005 eos

1388 3020 1543 3064 ratione
1546 3021 1711 3075 suorum
1726 3021 2033 3070 Canonic‘atuum
2045 3052 2060 3073 ,
2090 3021 2141 3067 ὼ
2153 3023 2330 3065 Proben-

1387 3083 1531 3124 darum
1545 3108 1559 3131 2
1577 3085 1624 3139 si
1631 3081 1673 3125 in
1687 3083 1754 3124 dd.
1769 3082 1942 3137 Ecclesiis
1970 3083 2330 3139 respelffiveprrsb-

1388 3142 1537 3185 naliter
1553 3143 1765 3198 residerent
1775 3171 1790 3193 ,
1801 3158 1846 3184 ac
1855 3143 2025 3186 Divinis
2040 3140 2333 3200 Officiisaffidu?

1388 3203 1612 3262 intereffint
1625 3232 1640 3253 ‚
1652 3203 1893 3246 auHoritate
1901 3204 2109 3259 praefintis,
2118 3231 2131 3253 ,
2143 3215 2188 3244 ac
2197 3213 2329 3247 tenore

1389 3264 1625 3307 concedimus
1640 3292 1653 3312 ,
1673 3264 1722 3308 (θ’
1741 3264 1980 3320 indulgemus
1997 3281 2007 3306 ε
2029 3263 2240 3320 Qoniam
2257 3276 2332 3305 ve·

1389 3324 1438 3366 ro
1461 3323 1738 3379 praelaudatus
1754 3323 1982 3381 Episcopus
2000 3352 2014 3373 ,
2044 3329 2084 3367 &
2104 3323 2302 3380 Princeps
2316 3350 2330 3373 ‚

1391 3384 1466 3441 qui
1496 3385 1538 3426 in
1578 3385 1642 3426 his
1669 3396 1906 3442 temporum
1937 3384 2330 3440 perturbationibus

1394 3455 1511 3485 extra
1525 3443 1804 3487 Leodiensem
1826 3442 2051 3489 Dioecefim
2071 3457 2234 3489 moram*
2246 3453 2331 3487 tra-

1393 3504 1470 3551 hit,
1482 3503 1560 3553 jam
1578 3501 1650 3546 sub
1665 3505 1733 3546 die
1756 3518 1820 3555 19.
1837 3504 2098 3547 Novembris
2117 3516 2240 3555 1704.
2257 3505 2334 3545 Pa·

1393 3563 1512 3620 storis
1543 3575 1770 3608 turmarum
1798 3564 1850 3605 ad
1870 3562 1930 3606 sui
1959 3566 2169 3623 Corporis
2199 3563 2338 3608 custo-

2229 3623 2340 3665 diam

2432 2561 2447 2629 -22-,35
2428 2459 2447 2547 ιψμᾴμγ
2432 2283 2447 2452 „ammam-„v
2432 2174 2445 2273 *ml-<we-
2431 2098 2445 2158 τὰρ.»
2435 2013 2447 2086 ..ιμςμ
2440 1962 2445 1999 «Α.
