2456 3802
294 198 395 262 De
407 195 1612 285 Jurep.Par;11.Can.XXV11.Cas.XXV.
1634 211 1693 276 ἃ
1714 213 1830 278 XX
1840 218 1938 282 VI.

148 309 430 362 quorumdam
450 322 628 352 onerum
644 338 658 358 ‚
674 324 768 353 cum
780 307 868 354 sola
880 311 1101 353 (1εάυᾶῑο-

145 380 199 408 ne
229 367 349 410 obuli
374 382 452 424 pro
470 366 666 428 qualibet
682 367 803 413 Miss'a
819 397 832 418 ‚
847 372 890 414 in
908 369 1099 413 causarm

144 425 219 480 SS.
234 427 485 472 Utenfilium
500 431 708 488 erogandi
727 431 794 485 his
809 432 950 474 verbis
981 458 1024 466 --
1040 436 1099 475 Ut

137 487 312 542 praefata
328 491 458 532 omnia
484 490 698 549 Mffirum
727 506 846 533 onera
856 493 987 545 juxta
998 505 1101 546 prot-

136 547 416 602 portt'onatam
428 551 704 607 quantitatem
718 552 943 594 reddituum
958 559 974 605 (
992 553 1106 592 derm-

136 617 209 661 pto
222 609 341 663 prihs
370 611 478 652 obulo
498 623 572 666 pro
598 611 776 668 qualibet
804 613 926 671 Mifflt
941 614 982 653 in
998 617 1099 655 Cau-

131 667 226 719 sam
243 672 450 713 Sacrorum
471 673 703 728 Utenstlium
717 674 908 730 erogando
925 701 938 722 ‚
954 683 1099 728 quate-

141 727 220 768 n1>s
234 730 399 786 Ecclest'a
411 746 486 773 non
498 732 643 774 habeat
656 732 838 774 redditus
851 734 908 775 ad
921 734 1019 774 hunc
1037 734 1097 788 ef-

134 785 294 841 feHum
311 791 518 848 afflgnatos
535 797 557 846 )v
585 793 642 834 ad
656 792 851 835 rationem
867 794 1097 849 eleemostnae

140 849 341 890 manualis
355 865 432 906 pro
450 853 525 906 stro
547 851 718 894 arbitrio
736 880 750 902 ‚
770 852 825 898 ὠ*
832 855 1096 908 prudentia...

140 909 306 952 reducat
322 935 364 946 --
391 909 518 956 Unde
543 911 740 968 praefatus
757 914 1004 958 Cardinalis
1020 915 1097 956 de-

139 967 341 1020 ducendo
370 972 474 1014 alias
508 971 714 1030 expensas.
744 986 897 1031 praeter
914 975 1098 1019 dietum,

140 1029 322 1074 obulum
356 1031 525 1075 exceffit
551 1034 711 1076 limites
753 1036 1051 1078 commiffionis
1079 1062 1094 1083 ,

138 1090 244 1147 quIa
257 1105 408 1135 revera
422 1093 469 1135 id
485 1107 573 1137 non
596 1095 898 1139 contin-ebatur
913 1098 956 1138 in
973 1096 1098 1137 litte-

138 1151 200 1192 ris
214 1153 548 1209 commistionis,
574 1155 764 1213 ideoque
791 1156 1006 1214 quidquid
1023 1168 1097 1211 per

138 1207 275 1266 ipsum
296 1214 456 1269 gestum
473 1214 545 1263 est,
564 1227 739 1272 praeter‚
756 1217 825 1259 vel
841 1230 990 1259 contra
1006 1215 1099 1258 for-

137 1283 252 1314 mam
280 1274 580 1318 commistionis
605 1276 760 1319 dicitur
785 1275 876 1333 ipso
891 1277 981 1328 jure
1002 1277 1098 1321 nul-

131 1330 227 1375 ·lum
244 1360 259 1382 ,
274 1334 395 1387 juxta
409 1336 449 1378 T
443 1336 585 1377 ext.in
597 1349 685 1390 cap.
699 1351 786 1378 cum
805 1337 952 1379 dileHa
967 1339 1014 1379 de
1030 1352 1097 1377 re-

125 1391 273 1447 script.
286 1393 420 1450 ibique
433 1396 537 1454 Glos.
559 1396 602 1438 in
615 1397 731 1438 verb.
737 1397 846 1449 juris
858 1397 1088 1445 ordinem-2,

136 1453 274 1495 Akbas
289 1467 375 1506 n.4.
387 1483 402 1504 ,
417 1457 574 1510 Bar-bos.
590 1470 679 1507 naz⁴

198 1513 254 1556 Et
281 1514 375 1558 cum
393 1514 613 1572 praefatum
628 1514 877 1574 rescriptum
893 1517 1100 1574 exprimat

130 1568 272 1618 ‚solum
292 1575 590 1618 deductionem
608 1576 731 1619 obuli
757 1591 835 1634 pro
851 1578 943 1619 Sac.
960 1580 1101 1619 Uten-

131 1630 280 1676 filibus
298 1662 313 1684 ,
326 1634 381 1676 ad
391 1634 524 1691 ipsam
542 1637 709 1680 tantum
725 1638 993 1696 restringitur
1006 1666 1019 1685 ,
1053 1642 1097 1681 δε

131 1694 325 1750 ampliari
345 1708 431 1738 non
446 1699 590 1752 potuit
608 1695 634 1739 εὶ
650 1697 855 1753 praediCto
869 1699 1094 1741 Cardinali

131 1753 188 1795 ad
201 1753 508 1798 deductionem
523 1757 697 1800 aliarum
714 1756 985 1814 expensarum
1001 1787 1015 1807 ‚
1047 1770 1095 1800 ut

68 1819 70 1821 ’
131 1813 246 1856 bene
257 1826 412 1859 notant
429 1844 446 1865 ,
471 1818 639 1870 Bar-bos.
652 1818 810 1861 in-dic‘lo
826 1832 909 1874 cap.
927 1833 1011 1861 cum
1029 1819 1092 1860 di-

129 1873 235 1915 testa
250 1876 296 1916 de
314 1877 496 1931 refiript.
511 1882 599 1918 n.6.

73 1950 96 1980 2
173 1935 296 1978 =Non
319 1936 483 1980 obstant
511 1938 589 1980 illa
617 1939 746 1981 verba
763 1936 952 1996 rescripti
968 1941 1028 1982 ibi
1047 1965 1090 1974 --

126 1997 207 2037 Pro
222 1999 299 2047 Juo
327 1997 499 2038 arbitrio
530 2024 569 2032 --
598 2000 699 2056 quia
715 1998 954 2052 hujusmodi
974 2001 1090 2043 arbi-

126 2055 258 2099 trium
277 2057 394 2099 cadit
413 2055 550 2101 solum
577 2055 698 2115 supra
726 2059 972 2105 reductione
990 2058 1090 2102 Mis-

125 2112 263 2159 satum
285 2145 300 2166 2
326 2118 444 2170 juxta
455 2118 826 2176 proportionatam
837 2121 1086 2163 reddituum

126 2177 415 2234 quantitatem
443 2207 458 2229 ‚
491 2192 536 2221 ut
569 2193 719 2236 nempe
735 2181 850 2222 idem
866 2181 1086 2224 protector

125 2234 394 2293 cognoscere
409 2266 423 2287 ‚
447 2252 495 2282 ac
511 2240 697 2282 stabilire
714 2237 848 2296 poffet
866 2246 1085 2298 quanta‚&

131 2310 230 2355 quae
259 2310 355 2340 nam
385 2298 632 2342 reddituum
663 2303 880 2358 quantitas
908 2302 1088 2344 cuilibet

121 2358 253 2401 oneri
269 2372 379 2414 quot
395 2361 516 2402 annis
532 2360 631 2403 vere
647 2359 986 2418 correspondeat
1001 2375 1087 2404 non

125 2428 272 2460 autem
286 2416 411 2475 supra
424 2418 510 2476 ipsa
524 2417 797 2477 expensarum
813 2421 1088 2471 deductione,

126 2490 174 2521 ut
189 2491 366 2534 apparet
379 2493 431 2522 ex
447 2492 598 2523 tenore
609 2509 623 2531 ‚
643 2484 683 2523 ὃ(
704 2479 840 2524 forma
854 2510 870 2531 ,
896 2479 1083 2535 ejusdem

126 2535 351 2594 rescripti,
385 2541 458 2587 ubi
487 2553 573 2585 non
604 2541 762 2584 dicitur
779 2559 793 2588 ς,
825 2546 902 2583 Pro
915 2543 1083 2585 arbitrio

115 2599 192 2654 sico
203 2598 374 2643 deducat
383 2601 577 2655 expensas
588 2626 626 2636 --
641 2602 726 2644 Sed
733 2615 809 2655 pro
821 2602 992 2645 arbitrio
995 2605 1086 2656 suo,

126 2657 179 2702 (θ’
189 2660 405 2713 prudentia
420 2663 587 2703 reducat
602 2688 640 2696 --
655 2663 740 2718 Qi
759 2676 898 2711 tenor,
917 2661 987 2704 seu
1000 2662 1086 2706 for-

123 2733 193 2762 ma
217 2717 406 2777 rescripti
439 2721 594 2764 servari
617 2723 748 2764 debet
775 2723 799 2764 a
836 2724 1085 2780 Delegato.

124 2784 231 2823 Rota
247 2780 438 2834 decis.39.
462 2795 614 2824 numa.
625 2794 761 2837 parur.
780 2797 907 2826 recen.

182 2841 253 2884 Ad
274 2839 502 2886 secundum
516 2872 529 2884 .
563 2840 778 2886 Provisum
797 2845 840 2886 in
858 2845 994 2900 primo
1014 2873 1026 2887 .

187 2902 315 2944 Sacra
331 2915 470 2945 autern
499 2904 798 2962 Congregatio
824 2904 1014 2947 concilii
1040 2906 1082 2948 in

123 2964 305 3004 Romana
323 2963 563 3006 reduaionis
573 2965 783 3022 Mt'ffarum
799 2979 839 3018 3.
854 2967 1083 3008 Decembris

132 3035 263 3074 1712.
282 3023 353 3066 Ad
381 3026 561 3081 primum
587 3023 805 3081 respondit
836 3052 879 3061 --
910 3027 1083 3083 Negati-

122 3083 180 3124 ve
193 3109 236 3118 --
251 3083 321 3127 Ad
336 3081 563 3128 secundum
576 3108 614 3119 --
629 3085 827 3128 Audiatur
843 3087 1083 3141 Eminentts-

111 3148 241 3201 simus
255 3145 462 3188 modernus
477 3146 684 3190 Protenor
696 3174 710 3186 .

110 3599 112 3601 -
126 3607 129 3609 .
185 3573 290 3613 Pars
321 3570 375 3609 ΙΙ.

2044 243 2158 303 571

1316 361 2012 433 ARGUMENTUM.
2115 371 2117 374 ⁴

1159 476 1245 528 An
1262 471 1323 526 fit
1355 475 1502 530 locus
1534 482 1829 536 redud'cioni
1850 480 2122 540 Miffarum
2141 485 2170 545 εὶ

1242 556 1536 610 Fundatore
1570 561 1625 611 in
1651 559 1834 616 limine
1848 562 2172 618 fundationis

1240 635 1942 715 Cappellanoimpositarum
1961 681 1975 702 ‚
2007 662 2178 716 quan*
2251 683 2254 686 -

1239 713 1310 768 do
1349 717 1648 790 injuntstum
1686 719 1786 774 fuit
1815 721 2010 776 haeredi
2041 742 2168 775 onus

1239 791 1555 872 subrogandi
1609 800 1770 855 alium
1819 800 2044 856 fundum
2087 819 2166 855 tu-

1239 890 1353 931 tum
1369 915 1384 938 ‚
1412 880 1467 931 δε
1482 876 1828 936 sufficientem
1848 901 1946 956 pro
1962 883 2168 937 illarum

1241 954 1591 1013 celebratione
1609 967 1625 1014 ἒ
2020 976 2023 979 ’

1350 1094 1974 1143 SUMMARIUM.

1191 1207 1209 1234 1
1244 1194 1286 1236 T
1279 1193 1443 1246 estatore
1469 1195 1681 1253 affi'gnante
1698 1209 1773 1250 pro
1801 1198 1890 1240 dote
1904 1198 2163 1252 cappellania

1267 1256 1544 1308 fundum2non
1561 1258 1883 1301 demonstrative
1902 1259 1997 1311 ,sed
2013 1262 2165 1301 taxaria

1276 1317 1332 1354 v?
1346 1343 1359 1363 ‚
1372 1315 1424 1366 est
1439 1317 1542 1357 locus
1562 1319 1780 1360 reduft'ioni
1792 1319 2003 1378 Mtſjarum
2019 1348 2030 1358 .

1193 1388 1213 1415 2
1249 1376 1382 1418 Dinio
1398 1378 1449 1419 Et
1461 1379 1664 1435 conjungit
1682 1408 1694 1427 ‚
1712 1377 1760 1421 ὠ·
1780 1379 2000 1432 concursum
2012 1381 2167 1436 copula·-

1274 1446 1403 1478 torum
1417 1438 1591 1495 requirit
1607 1468 1621 1479 .
1701 1492 1705 1495 μ

1405 1556 1445 1598 C
1476 1556 1516 1600 A
1549 1557 1574 1598 S
1606 1557 1647 1598 V
1677 1556 1707 1597 S.
1765 1556 1919 1600 XXVI.

1243 1638 1433 1694 Upremo
1451 1652 1626 1695 urgente
1646 1641 1745 1684 *fato
1773 1643 1963 1698 Joannes
1985 1641 2164 1696 Baptista

1217 1736 1235 1747 „
1260 1697 1528 1742 Maffazonus
1543 1701 1585 1741 in
1613 1701 1769 1743 ultimis
1794 1703 1950 1744 tabulis
1980 1703 2165 1743 exaratis

1212 1761 1267 1801 de
1279 1773 1390 1801 anno
1413 1772 1428 1799 1
1439 1772 1541 1810 704.
1555 1761 1792 1804 haeredibus
1807 1790 1822 1810 ,
1837 1773 1881 1802 ut
1893 1759 2096 1808 asseritur,
2114 1775 2167 1802 ex

1212 1817 1291 1861 affe
1304 1821 1535 1862 nominatis
1556 1819 1644 1871 ejus
1670 1819 1836 1863 filiabus
1854 1819 2136 1863 beneficium)
2153 1848 2167 1868 ,

1210 1877 1283 1922 seu
1303 1880 1627 1936 Cappellaniam
1643 1882 1749 1936 erigi
1777 1880 1882 1933 juffit
1896 1878 1970 1922 sub
1986 1881 2170 1923 invoca-

1208 1941 1329 1982 tione
1346 1938 1673 1996 SanstiJoannis
1703 1941 1892 1996 Baptistae
1909 1969 1922 1989 ,
1953 1954 2029 1996 pro
2048 1940 2175 1996 cujus*

1206 1999 1406 2043 Beneficii
1441 2001 1544 2044 dote
1581 2001 1693 2044 idem
1728 1999 1814 2056 ipse
1846 2002 1943 2056 pius
1975 1997 2168 2042 Testator

1206 2062 1423 2117 praestituit
1441 2063 1665 2119 quamdam
1679 2062 1868 2103 rusticam
1881 2061 2052 2103 domum
2071 2074 2166 2103 cum

1207 2119 1290 2163 suis
1308 2122 1577 2176 pertinentiis
1589 2122 1717 2163 certis
1734 2120 1887 2164 finibus
1902 2120 2133 2175 designatis
2149 2149 2164 2170 ‚

1206 2196 1301 2224 cum
1314 2196 1446 2224 onere
1463 2183 1733 2238 Cappellano
1751 2182 1937 2234 injuncto
1955 2178 2168 2223 Miffarum

1205 2244 1398 2300 quinque
1429 2243 1803 2284 hebdomadalium
1829 2271 1843 2291 ‚
1873 2255 2050 2300 quarum
2085 2239 2167 2284 u'na

1204 2303 1492 2345 celebraretur
1509 2305 1642 2359 prima
1656 2303 1826 2345 albente
1839 2302 1925 2345 diei
1945 2301 2077 2344 festivi
2093 2301 2165 2343 lu-

1204 2377 1253 2405 ce
1268 2390 1281 2411 ‚
1299 2363 1543 2420 exindeque
1563 2364 1648 2404 haec
1667 2364 1843 2405 ulter-iiis
1865 2377 1888 2403 a
1904 2362 2047 2404 ddidit
2063 2387 2105 2395 --
2121 2362 2168 2403 In
2203 2361 2208 2366 ’

1203 2423 1304 2466 oltre
1319 2423 1471 2477 dispone
1486 2452 1499 2471 ,
1509 2437 1531 2463 e
1547 2423 1663 2464 vuole
1676 2451 1689 2471 ‚
1707 2423 1773 2463 che
1790 2438 1865 2464 ove
1881 2423 1996 2464 detta
2010 2422 2163 2475 Casina,

1203 2499 1223 2526 e
1232 2483 1332 2524 Beni
1348 2498 1422 2525 non
1425 2485 1542 2537 siano
1541 2481 1757 2534 sufficienti
1760 2493 1834 2535 per
1848 2482 1888 2522 la
1903 2481 2166 2522 celebratione

1201 2544 1243 2586 di
1258 2543 1365 2585 dette
1376 2541 1514 2596 cinque
1527 2540 1649 2598 Adeffi’
1662 2541 1949 2583 Ebdomadarie
1963 2541 2028 2582 nel
2039 2542 2164 2590 modo,

1202 2603 1429 2656 comesbpra
1444 2631 1457 2652 ,
1483 2616 1503 2641 e
1518 2602 1583 2643 che
1597 2600 1871 2654 l’irgfrafiritto
1887 2601 2026 2657 Signor
2040 2601 2162 2644 Guai-

1201 2676 1247 2706 ta
1259 2664 1334 2716 suo
1358 2668 1507 2705 Genera
1534 2661 1689 2721 elegcffi’
1719 2661 2028 2716 d'appropriarfi
2048 2654 2164 2704 det'ta

1202 2727 1340 2781 Castna
1360 2752 1372 2771 ‚
1388 2739 1407 2765 e
1423 2723 1519 2764 Beni
1533 2751 1545 2770 ,
1572 2721 1616 2762 in
1630 2722 1712 2774 tale
1727 2723 1811 2775 caso
1825 2721 2003 2763 dichiara
2024 2749 2037 2770 ,
2054 2721 2120 2762 che
2134 2720 2168 2762 il

1201 2786 1397 2840 medefimo
1411 2783 1505 2840 pff
1513 2782 1671 2836 cicifare
1686 2810 1699 2831 ‚
1727 2797 1792 2823 con
1820 2781 1876 2822 cio*
1894 2783 1990 2837 pero*
2005 2809 2019 2830 ,
2046 2783 2112 2822 che
2129 2781 2162 2822 il

1202 2842 1595 2901 medefi'mosurroghi
1607 2842 1713 2883 altro
1718 2842 1844 2897 fondo
1851 2845 1983 2898 sicuro
2000 2870 2013 2890 ‚
2026 2857 2045 2882 e
2046 2840 2163 2895 st‘ffi·

1202 2906 1325 2946 ciente
1334 2917 1406 2958 per
1422 2905 1462 2944 la
1480 2902 1750 2944 celebrazione
1764 2902 1806 2943 di
1818 2902 1925 2944 dette
1945 2903 2084 2959 Messe,
2105 2914 2166 2946 Q

1187 2966 1265 3017 sue
1282 2964 1449 3018 dispense
1465 2963 1549 3006 (φτ.
1564 2989 1607 2997 --
1636 2963 1730 3005 Post
1745 2976 1871 3020 quam
1890 2960 1986 3004 sane
2006 2962 2166 3004 Guaita

1200 3025 1432 3075 Testatoris
1450 3025 1594 3066 Gener
1609 3024 1777 3079 optioni
1795 3022 1869 3064 fibi
1886 3023 2052 3066 collatae
2075 3023 2167 3078 ple-

1201 3084 1375 3128 nimode
1403 3085 1692 3131 renunciavit,
1727 3082 1957 3126 modernus
1974 3083 2165 3139 Cappel-

1199 3147 1320 3188 lanus
1337 3142 1495 3200 Joseph
1530 3143 1744 3186 Antonius
1766 3143 2011 3186 Verbellius
2028 3145 2161 3199 impar

1200 3204 1241 3248 se
1258 3203 1489 3263 agnoscens
1506 3232 1519 3252 ,
1535 3204 1615 3255 jam
1630 3204 1751 3245 dietis
1769 3201 1998 3246 subeundis
2018 3204 2161 3246 oneri-

1199 3267 1279 3309 bus
1295 3267 1351 3308 ob
1382 3267 1633 3308 tenuitatem
1662 3264 1906 3307 reddituum
1924 3292 1937 3312 ,
1966 3265 2036 3307 vix
2066 3276 2160 3320 per-

1199 3327 1455 3385 tingentium
1478 3323 1632 3367 summa
1662 3324 1764 3367 scut.
1784 3327 1853 3366 28.
1871 3339 1964 3367 cum
1987 3324 2158 3365 alterius

1200 3387 1380 3429 dimidio
1397 3415 1410 3434 ,
1439 3401 1491 3428 ex
1522 3386 1677 3443 quibus
1709 3386 1907 3427 detractis
1934 3383 2155 3425 laicalibus

1201 3448 1408 3490 oneribus
1425 3475 1438 3495 ,
1457 3450 1496 3489 δε
1513 3444 1744 3502 sumptibus
1762 3446 1914 3502 procul
1931 3443 2061 3484 dubio
2082 3455 2157 3483 ne-

1205 3505 1387 3551 ceffariis
1404 3522 1482 3565 pro
1503 3507 1872 3550 restaurationibus
1890 3503 2020 3545 libera
2037 3500 2158 3543 dum-

1618 3569 1658 3612 C
1671 3581 1692 3608 c
1706 3580 1726 3607 c
1740 3580 1761 3606 c
1797 3579 1817 3604 2
2042 3573 2157 3603 taxat
