2456 3802
418 252 517 313 De
530 249 741 338 Jurep.
765 248 1144 316 Par.11.<:an.
1169 252 1420 319 xxvii.
1443 253 1585 319 cac
1605 257 1706 320 XI.

121 361 303 417 jusmodi
320 377 406 407 non
424 363 482 406 est
508 364 640 406 hodie
669 365 714 407 in
730 363 1024 408 observantia,
1060 394 1074 414 ,

123 437 251 480 prout
267 438 319 467 ex
334 422 590 468 confeffione
609 425 928 468 Canonicorum
942 425 1076 468 refert

125 481 211 539 ipse
229 486 422 527 vicarius
448 485 707 541 capitularis
722 502 733 531 3
765 486 980 543 Adeoque
1019 486 1073 527 de

123 545 202 588 illo
222 546 335 587 nulla
351 544 632 589 consideratio
647 545 843 587 habenda
858 546 914 588 est
926 575 937 586 .
954 547 1071 586 Surd.

126 605 224 658 confi
258 608 328 656 58.
355 620 461 648 num.
480 619 520 656 9.
554 608 744 649 Gratian.
772 605 929 661 discept.
968 607 1022 646 86
1031 618 1068 655 5.

126 679 230 706 num·
242 680 307 708 10·

183 725 317 769 Sicuti
331 726 384 769 de
411 726 521 770 facito
541 727 584 768 in
605 726 718 771 nulla
734 726 1072 769 consideratione

125 786 317 830 habitum
330 785 410 829 fuit
428 788 450 830 ἐι
466 788 699 830 Canonicis
713 787 830 829 dictae
847 788 1070 843 Collegia-

125 858 193 894 tae,
205 847 378 904 quando
394 862 468 904 per
479 847 728 890 decennium
748 848 882 890 libere
895 845 1018 889 conse
1026 862 1071 888 n-

127 903 268 949 setunt
282 936 296 956 ,
329 920 374 950 ut
403 907 595 964 praefatus
610 910 856 952 eanonicus
882 909 1068 950 Sirturus

125 965 312 1010 infirmus
328 997 342 1017 ,
373 969 602 1010 lucraretur
631 966 722 1010 suas
749 969 1067 1011 distributiones

126 1028 254 1070 etiam
277 1027 303 1071 si
319 1042 406 1070 non
419 1027 617 1070 resideret
632 1030 674 1070 in
691 1029 798 1073 dista
816 1031 1037 1073 Canonica
1053 1057 1065 1069 .

69 1099 119 1138 23
186 1088 238 1130 Et
251 1087 278 1131 si
303 1089 547 1132 Canonicus
573 1088 760 1131 infirmus
780 1089 973 1131 obtineat
1002 1090 1067 1132 in-

126 1148 292 1190 dultum
309 1149 482 1191 vacandi
497 1152 520 1191 Ξι
531 1151 682 1193 Choro
695 1163 746 1191 ex
761 1147 880 1192 causa
895 1149 1071 1191 infirmi-

127 1209 246 1257 tatis,
264 1208 371 1250 illud
388 1207 596 1266 suffragari
609 1210 722 1251 valet
735 1224 811 1266 pro
824 1210 1065 1259 laudemus,

124 1268 412 1325 quindenniis,
429 1269 604 1327 aliisque
620 1267 908 1313 funstionibus
924 1271 966 1311 in
983 1272 1064 1314 Ec-

124 1327 246 1370 clesia
261 1329 530 1385 peragendis,
547 1331 736 1386 exceptis
750 1327 1063 1379 anniversariis,

126 1392 168 1430 &
184 1390 226 1431 in
237 1391 389 1447 quibus
407 1389 684 1433 diversimode
699 1390 825 1433 fuerit
837 1390 860 1433 ὲ
871 1391 1064 1432 Testato-

125 1448 240 1492 ribus
257 1447 498 1505 dispositum
515 1481 528 1499 ,
557 1452 662 1492 itaut
677 1452 719 1493 in
741 1452 830 1504 ejus
855 1450 1068 1493 absentia...

123 1523 176 1551 ex
193 1509 301 1553 dieta
316 1509 433 1553 causa
457 1510 709 1554 infirmitatis
730 1512 882 1554 lucrari
909 1510 1065 1552 debeat

122 1571 264 1612 omnia
280 1572 564 1613 emolumenta
587 1569 766 1623 cujusvis
796 1572 961 1627 generis
979 1599 991 1619 ‚
1021 1574 1060 1613 δι

85 1660 90 1664 -
124 1627 278 1686 speciei
297 1659 312 1678 ,
343 1642 386 1672 ut
405 1629 634 1674 resolutum
663 1629 743 1673 fuit
762 1632 786 1674 a
801 1633 926 1673 Sacra
942 1632 1064 1673 Con-

124 1692 373 1748 gregatione
387 1693 576 1735 Concilii
588 1692 631 1732 in
648 1695 821 1733 Romana
825 1692 983 1744 jurium
992 1694 1069 1732 Ca-

122 1750 356 1791 nonicalium
371 1763 408 1800 5.
438 1752 549 1803 Maji
567 1765 691 1805 1703.
717 1752 788 1794 ubi
805 1751 1067 1808 expositum.»

121 1807 203 1852 fuit
218 1838 232 1858 ‚
269 1811 388 1868 quod
406 1811 593 1854 obtinuit
625 1813 693 1854 die
712 1824 782 1863 30.
799 1812 1066 1867 Septembris

121 1871 219 1911 anni
238 1873 436 1926 ptaeteriti
449 1873 638 1928 Joannes
652 1873 799 1914 Petrus
815 1873 963 1914 Strada
979 1876 1067 1915 Ca-

124 1931 302 1972 nonicus
315 1931 568 1991 Collegiatae
580 1932 776 1975 'Ecclesiae
791 1933 861 1975 SS.
873 1932 1003 1982 Celsi,
1022 1936 1063 1975 δε

115 1991 277 2048 Juliani
297 1991 319 2033 a
335 1991 459 2034 Sacra
473 1993 827 2050 Congregatione
851 1993 1067 2035 Indultum

125 2052 303 2094 vacandi
319 2052 343 2094 ἐι
357 2049 532 2095 servitio
549 2055 688 2097 Chori
704 2054 755 2095 ad
769 2054 984 2096 biennium
1001 2065 1067 2095 at·

123 2123 245 2154 tento
270 2113 456 2170 quodam
485 2115 707 2158 incurabili
734 2115 885 2157 morbo
899 2143 912 2162 ‚
948 2113 1070 2171 quod

121 2173 280 2227 patitui·
297 2200 309 2220 ,
328 2186 493 2216 necnon
512 2175 751 2223 doloribus,
771 2179 811 2217 δε
828 2174 1067 2217 affiduisin-

123 2233 362 2275 commodis
373 2234 425 2275 ab
440 2235 591 2277 eodem
607 2235 959 2291 provenientibus
971 2248 1066 2276 cum

125 2289 261 2334 solitis
281 2291 476 2336 clausulis
502 2324 517 2344 ,
535 2295 653 2353 quod
671 2294 832 2338 scilicet
849 2319 888 2329 --
906 2295 1070 2336 Interim

126 2364 256 2394 omnes
269 2351 438 2405 fruetus
452 2384 465 2403 ,
489 2355 539 2399 ό
561 2355 849 2410 distributiones
863 2355 1068 2411 quotidia-

124 2427 199 2453 nas
197 2413 266 2465 sui
279 2415 541 2456 canonicatus
547 2415 768 2469 perciperet
782 2444 796 2463 ,
811 2429 886 2456 non
893 2416 1009 2468 secus
1020 2429 1066 2456 ac

115 2475 160 2528 si
169 2472 291 2514 Choro
302 2501 315 2521 ,
328 2473 378 2516 &
399 2475 566 2517 Divinis
581 2475 727 2530 Officiis
733 2475 991 2529 personaliter
1003 2475 1069 2515 in-

126 2533 283 2591 terfft
312 2558 352 2569 --·
377 2535 531 2577 Renuit
554 2547 691 2578 autem
721 2535 966 2592 Capitulum
982 2564 996 2583 ,
1029 2538 1067 2578 &

130 2595 345 2636 Canonici
386 2593 569 2647 ejusdem
608 2595 800 2638 Ecclesiae
843 2595 1071 2638 nonnulla.»

129 2654 415 2697 emolumenta
431 2655 605 2711 praefato
618 2657 841 2698 Canonico
855 2654 1071 2711 persolve-

127 2728 172 2756 re
190 2729 243 2756 eo
257 2713 331 2756 sub
348 2714 624 2759 fundamento
641 2745 654 2765 ,
680 2715 799 2774 quod
818 2717 858 2756 in
875 2715 988 2757 disto
1006 2716 1071 2757 In-

128 2774 252 2816 dulto
270 2788 355 2817 non
373 2774 448 2818 sint
476 2773 775 2833 comprehensa
792 2804 806 2824 ,
837 2779 877 2818 &
904 2774 1069 2831 signan-

130 2846 196 2876 ter
208 2835 282 2877 illa
306 2849 357 2877 ex
385 2837 543 2879 actibus
573 2836 890 2894 Capitularibus
913 2849 1070 2892 prove-

128 2895 288 2938 nientia
300 2923 315 2944 ,
329 2910 376 2939 ac
391 2899 631 2952 portionem
644 2896 926 2939 communium
943 2925 957 2945 ,
985 2897 1073 2938 lau-

129 2955 258 2998 demii
274 2983 288 3005 ,
311 2960 349 3000 ὅτ.
363 2956 549 2999 similium
565 2974 577 3004 ς
614 2957 739 3001 Unde
752 2955 978 3015 propositis
994 2957 1074 2998 du-

132 3016 214 3058 biis
226 3046 237 3057 .

190 3077 331 3121 Primo
355 3102 397 3112 --
428 3083 489 3121 An
516 3079 701 3122 Canonico
726 3079 877 3120 strada
895 3106 910 3126 ,
943 3077 1006 3118 cui
1019 3091 1074 3120 ex

132 3138 247 3192 ruffa
274 3138 528 3194 infirmitatis
537 3139 627 3194 fuit
655 3138 860 3196 eoncefficm
878 3136 1075 3178 indultum

131 3198 309 3240 vacandi
324 3200 350 3240 a*
363 3200 484 3241 choro
498 3228 513 3247 ,
531 3199 696 3254 aliisque
711 3197 857 3252 Officiis
872 3197 1042 3239 Divinis
1057 3225 1074 3246 ,

131 3257 231 3300 illud
243 3259 366 3301 etiam
371 3259 593 3317 suffragari
613 3260 755 3301 valeat
767 3271 838 3312 pro
849 3257 1073 3306 laudemiis,

133 3319 397 3372 quindemniis
411 3349 423 3368 ,
441 3318 633 3374 Capitulis
648 3348 662 3369 ‚
676 3318 899 3374 aflibusque
915 3319 1076 3373 Capitu-

133 3378 300 3429 laribus,
316 3379 633 3433 Anniveisariis,
650 3379 968 3434 festivitatibus,
982 3383 1075 3420 Pro-

133 3438 346 3495 cefflonibus
357 3469 371 3490 ,
396 3456 442 3482 ac
450 3453 523 3495 pro
539 3439 1021 3497 quibusvisfimc‘lionibus
1034 3439 1077 3480 in

133 3498 300 3555 Ecclesia
309 3513 496 3559 pei-agen.
511 3529 524 3550 ‚
547 3501 654 3543 itaut
678 3500 828 3541 lucrari
841 3499 980 3541 debeat
993 3515 1074 3540 om-

133 3558 200 3600 nia
222 3560 474 3605 emolumenta
488 3562 663 3616 cujusvis
669 3560 843 3618 generis,
862 3559 1075 3614 &speci-ei,

2025 279 2152 345 527

1198 369 1412 410 communia
1429 383 1654 425 nuncupata
1668 399 1681 421 ,
1712 387 1759 413 ac
1773 372 1896 415 etiam
1912 372 2112 416 viauabia
2127 400 2141 422 ,

1201 428 1251 471 ὠ*
1266 430 1448 472 candelas
1460 458 1473 478 ,
1491 429 1541 472 (9-
1551 444 1749 486 quatenus·
1761 433 2005 487 affirmative*
2018 463 2029 475 .

1258 490 1456 532 Secundo
1485 515 1528 524 --
1560 493 1622 532 An
1647 493 1771 533 eidem
1797 495 1985 535 Canonico
2000 506 2145 548 compe-

1198 559 1264 590 tat
1271 560 1345 603 pro
1355 551 1435 602 sua
1451 561 1547 591 rata
1558 562 1678 604 parte
1691 552 1813 594 etiam
1823 555 1890 604 jus
1903 554 2144 608 accrescendi

1200 622 1339 649 earum
1355 609 1668 662 distributionum
1683 640 1695 660 ‚
1713 613 1763 655 (φ’
1777 614 2027 655 communium
2038 643 2051 663 ,
2062 628 2144 670 quae

1198 670 1242 709 ob
1257 669 1475 723 absentiam
1488 698 1500 718 ,
1517 670 1588 712 vel
1596 672 1847 714 vacationem
1860 675 2028 716 Canonic
2035 689 2147 714 orum

1195 729 1507 787 intereff'entibus
1524 733 1744 784 accrescunt
1759 761 1773 782 ,
1805 733 1854 776 (ἐν
1866 734 1894 774 ἆ
1908 750 1986 791 qua
2002 733 2064 775 die
2067 735 2142 786 su-

1190 791 1382 844 pradibi‘a
1397 790 1526 831 omnia
1539 792 1756 834 debeantur
1769 819 1780 834 ι

1227 848 1480 906 Responsum
1495 849 1575 893 fnit
1591 852 1642 894 ad
1660 855 1835 908 primum
1849 853 2148 909 --Affirmative

1197 910 1321 951 etiam
1334 911 1686 966 quoadlaudemia,
1705 916 1882 967 exceptis
1898 914 2143 967 Annivm-'fa—

1192 972 1265 1010 riis
1280 998 1293 1019 ,
1334 970 1498 1025 aliisque
1510 974 1828 1015 conventionibus
1844 988 1917 1015 non
1922 974 2032 1030 fixis
2047 975 2071 1022 ,⁴
2089 973 2139 1017 ὠ·

1191 1030 1232 1071 in
1250 1031 1388 1084 quibus
1408 1031 1812 1087 diverstmodefuerit
1827 1035 1853 1074 ci
1874 1033 2137 1084 Testatoribus

1191 1091 1411 1146 dispositum
1439 1117 1481 1124 --
1495 1092 1564 1133 Ad
1579 1089 1806 1136 secundum
1826 1119 1864 1128 ·--
1879 1093 2141 1148 Affirmativ?

1193 1150 1220 1191 d
1239 1151 1302 1191 die
1311 1152 1627 1205 praesentationis
1644 1154 1796 1195 Indulti
1807 1184 1819 1195 .

1136 1224 1191 1263 24
1251 1212 1334 1253 Sed
1355 1211 1381 1253 si
1398 1210 1638 1265 coadjutor
1650 1211 1771 1255 sanus
1785 1228 1870 1257 non
1887 1212 2045 1257 intersit
2063 1214 2138 1255 Di.

1192 1272 1304 1313 vinis
1318 1270 1477 1314 Officiis
1492 1300 1504 1321 ‚
1535 1272 1854 1316 distributiones
1873 1288 1958 1318 non
1976 1274 2141 1317 deben-

1192 1342 1261 1372 tur
1292 1332 1517 1374 Canonico
1551 1333 1770 1386 Coadjuto
1798 1333 1964 1377 infirmo
1981 1363 1995 1384 ,
2022 1335 2139 1387 juxta

1193 1388 1495 1435 resolutionem
1524 1392 1614 1434 Sac.
1632 1396 1999 1452 Congregationis
2012 1396 2140 1437 Con-

1193 1451 1281 1493 cilii
1297 1452 1338 1492 in
1365 1452 1473 1494 dina
1490 1453 1683 1506 Asculana
1703 1467 1742 1505 5.
1770 1454 1892 1513 7unii
1914 1459 2042 1505 1706.
2070 1456 2142 1497 ubi

1192 1511 1411 1568 proposito
1433 1513 1564 1555 dubio
1582 1539 1621 1547 --
1639 1517 1702 1556 An
1717 1515 1937 1556 debeantur
1968 1515 2139 1556 Canoni-

1190 1572 1245 1614 cis
1261 1572 1463 1615 Coadiutis
1484 1572 1654 1633 infirmis
1671 1575 2144 1631 distributionesfiCoad-

1185 1634 1344 1685 jutores
1360 1632 1459 1686 sani
1482 1648 1555 1674 non
1567 1633 1840 1684 interveniunt
1853 1661 1888 1670 --
1900 1632 2140 1692 responsum

1191 1692 1272 1735 fuit
1287 1719 1329 1728 --
1342 1693 1546 1750 Negativ?
1559 1722 1572 1742 ,
1591 1693 1641 1737 &³
1655 1695 1825 1747 amplias
1840 1724 1851 1735 .

1137 1765 1197 1804 25-
1253 1752 1506 1809 Respondeo
1521 1754 1651 1797 tertio
1669 1783 1680 1794 .
1712 1755 1754 1795 Si
1772 1755 2018 1797 Canonicus
2055 1769 2141 1799 non

1191 1813 1367 1855 resideat
1383 1843 1396 1862 ,
1415 1827 1491 1855 nec
1504 1814 1663 1856 intersit
1684 1816 1854 1857 Divinis
1870 1814 2058 1865 Officiis,
2084 1830 2138 1858 eo

1191 1874 1291 1931 quia
1307 1872 1352 1914 sit
1367 1874 1593 1926 jubilaeus,
1610 1888 1693 1917 non
1711 1876 1871 1916 amittit
1884 1905 1898 1924 ,
1918 1874 1990 1917 sed
2004 1877 2141 1930 perci-

1190 1935 1252 1990 pit
1270 1947 1418 1975 omnes
1434 1933 1748 1978 distributiones
1763 1963 1776 1983 ,
1805 1948 1852 1976 ac
1870 1934 1895 1976 fi
1907 1933 2142 1991 personali-

1196 2005 1260 2035 ter
1277 1993 1476 2036 resideret
1497 2023 1508 2034 .

1137 2067 1156 2093 2
1168 2059 1192 2093 6
1253 2054 1338 2096 Sed
1356 2054 1601 2097 Canonicus
1618 2055 1815 2098 obtinete
1830 2069 1914 2098 non
1929 2056 2066 2112 potest
2076 2054 2143 2100 In-

1193 2115 1358 2157 dultum
1391 2114 1655 2167 jubilationis
1674 2144 1688 2164 ,
1720 2115 1792 2158 nisi
1815 2117 1906 2171 post
1921 2129 1991 2168 40.
2009 2131 2144 2160 anno-

1191 2189 1280 2216 rum
1309 2173 1522 2217 servitium
1543 2177 1750 2218 continuo
1776 2176 1958 2219 Ecclesia
1986 2178 2140 2234 praesti-

1194 2247 1282 2277 turn
1294 2263 1307 2283 ,
1324 2247 1370 2277 ut
1384 2235 1542 2291 pluries
1555 2236 1729 2278 resolvit
1747 2237 1870 2278 Sacra
1882 2239 2141 2294 Congrega-

1193 2297 1255 2338 tio
1269 2295 1457 2340 Concilii
1472 2295 1514 2337 in
1529 2296 1739 2348 Aves-sizna
1755 2310 1823 2336 20.
1841 2297 1993 2338 Martii
2012 2311 2026 2336 1
2037 2311 2138 2348 700.

1192 2354 1243 2399 ὁ
1276 2356 1318 2397 in
1348 2357 1388 2396 T
1385 2371 1518 2397 ranen.
1540 2356 1792 2407 jubilationis
1829 2370 1894 2409 13.
1941 2358 2144 2416 ‘Januarii

1197 2427 1278 2467 17·0
1285 2429 1324 2468 3.
1359 2416 1409 2459 ὁ·
1434 2416 1474 2457 in
1507 2417 1662 2470 Ripana
1689 2417 1939 2471 jubilationis
1957 2431 2025 2467 29.
2055 2425 2140 2464 No-

1191 2476 1369 2519 vembris
1402 2489 1529 2527 1710.
1550 2477 1591 2516 in
1619 2481 1796 2519 Romana
1814 2477 2067 2529 jubilationis
2097 2483 2138 2519 6.

1192 2535 1354 2593 Augusti
1377 2548 1454 2586 171
1467 2549 1505 2575 2.
1522 2563 1535 2583 ,
1556 2536 1627 2576 ubi
1646 2535 1876 2591 expositum
1891 2535 1971 2578 fuit
1991 2566 2004 2585 ,
2020 2538 2140 2595 quod

1193 2597 1246 2638 ab
1262 2610 1372 2638 anno
1392 2593 1521 2652 usque
1551 2599 1678 2643 1669.
1705 2595 1972 2637 Praebendam
1990 2600 2139 2641 Cano-

1194 2657 1371 2698 nicalem
1390 2657 1434 2697 in
1460 2654 1641 2697 Ecclesia
1660 2654 1731 2697 SS.
1747 2654 1858 2697 Celfi
1875 2684 1888 2704 ,
1919 2659 1959 2698 &
1978 2658 2140 2714 Juliani

1193 2716 1382 2759 obtinuit
1399 2717 1589 2772 Joannes
1618 2717 1768 2758 Petrus
1784 2716 1960 2764 strada,
1989 2718 2140 2775 eique:

1193 2775 1482 2818 exaffiffimum
1501 2772 1744 2833 impendisse
1771 2773 1984 2819 servitium
2004 2775 2142 2820 asserit

1193 2837 1247 2878 ad
1261 2850 1411 2881 annum
1429 2833 1558 2894 usque
1580 2849 1705 2887 1702.
1722 2865 1735 2885 ,
1753 2850 1840 2894 quo
1857 2835 2010 2878 exinde
2027 2850 2138 2880 tem-

1193 2911 1299 2954 pore
1317 2925 1330 2946 ,
1350 2910 1443 2938 cum
1459 2896 1701 2939 incisionem
1719 2895 1851 2952 passus
1867 2897 2020 2940 Choro
2033 2896 2141 2939 siste-

1194 2971 1239 3000 re
1255 2958 1476 3016 nequiret,
1504 2959 1556 2999 ab
1572 2957 1656 2998 ΕΕ.
1676 2958 1751 2997 ΡΡ.
1773 2958 2038 3014 benignitate
2067 2971 2134 3000 re-

1191 3019 1379 3074 portavit
1410 3017 1607 3060 biennale
1647 3017 1862 3060 Indultum
1905 3019 2142 3061 vacationis

1194 3083 1289 3120 cum
1305 3075 1488 3120 clausula
1502 3102 1545 3112 --
1559 3080 1612 3119 Et
1628 3076 1790 3119 interim
1802 3091 1932 3118 omnes
1941 3077 2110 3132 fruc‘Jus
2126 3106 2140 3128 ,

1195 3134 1546 3192 &distributiones
1572 3138 1828 3194 quotidianas
1841 3138 1912 3192 sui
1923 3140 2142 3181 eanonica-

1196 3209 1264 3239 tus
1274 3197 1472 3252 percipere
1488 3225 1502 3247 ,
1515 3213 1588 3239 non
1593 3198 1709 3251 ficus
1729 3227 1741 3246 ,
1755 3199 1844 3253 acsi
1853 3199 1986 3249 Chora,
2001 3198 2051 3243 (θ’
2061 3198 2141 3242 Di-

1195 3258 1307 3301 vinis
1323 3257 1466 3312 Officiis
1475 3258 1735 3312 personaliter
1757 3258 1955 3318 intereffet·
1968 3283 2008 3294 --·
2021 3260 2142 3318 quod

1197 3317 1292 3362 sane
1303 3319 1449 3361 eadem
1463 3315 1770 3375 perseverante,
1784 3321 1976 3378 quinimo
1991 3322 2033 3362 in
2048 3321 2140 3362 dies

1199 3380 1479 3421 exacerbante
1496 3376 1753 3420 infirmitatis
1767 3378 1888 3422 causa
1906 3381 2039 3424 dictus
2056 3380 2142 3420 Ca-

1199 3440 1374 3482 nonicus
1412 3439 1674 3491 jubilationis
1714 3439 1930 3483 Indultum
1970 3435 2141 3481 demisse

1197 3497 1406 3556 exposcit,
1422 3512 1639 3542 autumans
1657 3501 2035 3557 quadragenarium
2047 3511 2142 3540 cur-

1199 3561 1379 3603 riculum
1405 3560 1486 3614 jam
1515 3557 1735 3604 absolvisse
1750 3589 1764 3610 ‚
1794 3559 2048 3616 computatis
2067 3559 2146 3598 tri-

2035 3629 2151 3675 ginta
