2456 3802
462 219 564 284 De
574 221 783 310 Jurep.
800 221 935 285 Par.
950 218 1021 283 ΙΙ.
1044 224 1205 288 Can.
1223 224 1448 290 XXVI.
1472 224 1614 291 Cas:
1634 227 1680 289 l.

84 337 186 384 §.Et
200 341 315 374 tanto
333 330 461 389 magis
475 347 604 374 coram
621 333 1002 387 Eminentiss.P›-i0lo
1015 360 1030 381 ‚

89 397 130 438 in
167 394 379 450 Reghinen.
405 393 614 434 Prior-atus
657 407 723 435 10.
749 394 871 453 ‘'Junii
905 405 1033 444 1705.

92 462 132 506 S.
149 455 352 513 Ceffithue
374 468 504 494 coram
523 456 655 496 eodem
669 483 684 503 ‚
715 455 756 494 in
778 455 1036 497 Metevitana

85 516 427 570 jurispatronatus
449 527 514 565 13.
534 514 1038 574 JanuwiimoS-§.Qua-

95 574 367 633 hficatifflmus
382 588 512 615 coram
524 575 581 616 bo.
592 590 664 616 me.
680 580 875 621 Omanm,
889 575 931 615 in
949 578 1040 615 1116-

92 638 288 681 diolanen.
303 634 485 689 Beneficii
507 647 548 684 7.
562 634 684 692 ‘Jumi
705 649 720 675 1
731 648 753 685 7
765 648 780 675 1
794 648 830 683 5.
847 634 1039 690 §.Absque

93 714 150 746 eo,
167 697 214 739 ὠ·
233 695 385 750 §.final-
404 709 535 736 coram
551 699 705 737 R.P.D.
717 709 797 735 meo
813 695 946 749 Crispo
960 723 973 742 ‚
989 694 1039 737 &⁹

100 759 143 799 in
161 756 372 797 Bituntina
392 755 675 810 Beneficiorum·
693 770 705 796 1
717 755 965 807 3.Februarii
979 756 1041 796 la-

96 817 224 862 bentis
238 817 334 857 anni
350 820 392 862 §.
406 815 558 857 Fortius
574 816 666 871 quia
687 831 817 857 coram
833 816 960 856 eodem
976 845 987 856 .

36 897 92 944 43
159 879 311 934 quue
329 876 640 918 indubitantius
671 904 684 923 ,
715 878 815 934 quia
831 874 1043 919 revolutis

99 939 223 991 hujus
244 937 499 978 parochialis
514 936 825 992 provisionibus
843 967 856 985 ,
876 937 928 978 de
947 938 1046 993 qui-

54 1039 60 1044 ,
98 1000 178 1042 bus
195 1000 274 1039 huc
293 995 420 1054 usque
437 997 582 1038 haberi
602 998 731 1039 valuit
749 998 900 1040 notitia
915 1025 927 1044 ‚
945 1011 1046 1053 prae-

98 1060 238 1102 libato
253 1058 403 1099 ultimo
425 1057 527 1098 statu
544 1059 653 1099 circa
668 1059 956 1113 praelationem
972 1071 1047 1099 no-

99 1121 245 1163 minati
272 1119 295 1161 a
323 1117 700 1161 commendatario
735 1146 749 1167 ‚
777 1132 925 1161 omnes
956 1116 1046 1159 fere

101 1178 337 1223 consonant
355 1177 479 1220 status
499 1177 1065 1233 praecedentes.Exordien-‘

103 1241 163 1283 do
181 1252 360 1295 namque
377 1239 399 1280 a
416 1238 716 1294 posterioribus
737 1240 888 1296 liquet,
906 1239 958 1280 de
977 1252 1050 1280 an-

103 1301 299 1347 nor678.
319 1296 659 1341 discordantibus
680 1300 790 1342 inter
807 1297 847 1341 se
869 1297 1050 1340 Praesen-

102 1360 340 1404 rationibus
354 1360 734 1408 Commendaarfi,
753 1365 791 1403 &
812 1356 1050 1402 Possefforis

102 1420 339 1473 Majoratus
356 1448 369 1467 ,
399 1422 679 1462 contentione
698 1421 916 1472 injudicio
932 1419 1052 1460 dela-

103 1492 164 1530 ta,
181 1481 484 1525 institutionem
503 1481 552 1522 ab
567 1481 886 1523 Archidiacono
901 1479 953 1520 de
968 1480 1053 1520 Ro-

103 1542 235 1586 bleda
265 1541 450 1582 obtinuit
475 1538 716 1582 Franciscus
746 1541 798 1581 de
827 1541 866 1582 la
900 1540 1054 1581 Zsrza,

105 1599 378 1659 praesentatus
397 1601 419 1641 a
438 1601 818 1643 Commendatario
835 1629 848 1648 ‚
882 1604 920 1643 &
938 1600 1055 1650 juxta

105 1661 291 1705 'restium
315 1660 601 1715 depositiones
633 1663 674 1702 in
702 1676 799 1703 mox
826 1661 1055 1703 enunciato

107 1723 213 1766 statu
236 1721 448 1762 exhibitas
477 1720 659 1770 eiusdem
687 1719 1057 1763 Commendatarii

106 1778 377 1840 praesentatio
422 1780 526 1824 fieta
575 1781 628 1822 de
676 1782 870 1824 Antonio
913 1781 1059 1836 Lopez

109 1844 238 1885 etiam
269 1844 311 1883 in
347 1841 620 1883 antecedenti
651 1844 877 1884 vacatione
905 1854 1062 1896 praeva-

110 1903 192 1947 luit
210 1933 222 1943 .
256 1903 384 1943 Prout
414 1902 598 1956 contigit
630 1903 671 1943 in
693 1902 779 1943 alio
796 1903 899 1944 statu
920 1902 1064 1942 imme-

111 1964 231 2006 diate
249 1962 505 2017 praecedenti
524 1989 537 2009 ‚
577 1963 617 2002 in
634 1977 723 2019 quo
745 1961 1065 2003 parochialem)

110 2023 295 2078 adeptus
313 2022 394 2063 fuit
421 2018 662 2064 Franciscus
683 2024 826 2077 Lopez
854 2022 907 2063 de
923 2021 1034 2062 Solis
1051 2047 1065 2067 ,

113 2096 161 2127 ut
174 2083 353 2125 habetur
369 2096 419 2123 ex
436 2082 707 2124 documentis
740 2084 781 2123 in
801 2080 976 2138 praefato
993 2081 1069 2122 sta-

112 2155 162 2187 tu
180 2145 275 2184 anni
301 2143 427 2192 1678.
444 2142 657 2198 productis
675 2174 687 2184 .
710 2144 912 2183 Praeterea
929 2156 980 2183 ex
997 2154 1069 2183 va-

116 2205 294 2248 catione
305 2203 401 2244 anni
423 2214 549 2252 1517·
562 2202 667 2244 alius
685 2202 846 2244 emersit
863 2198 1070 2257 limpidis-

118 2265 243 2308 fimus
266 2264 506 2310 statuS,nam
526 2277 600 2319 per
619 2261 1074 2304 scholasticumAstori-

118 2339 218 2367 cen.
229 2324 428 2380 Judicem
459 2324 501 2365 in
520 2324 654 2379 gradu
678 2323 978 2379 appellationis
996 2322 1074 2363 de-

118 2386 306 2441 legatum
348 2396 550 2427 revocata
587 2385 729 2426 extitit
767 2383 974 2425 institutio
1017 2384 1071 2424 ab

122 2444 444 2490 Archidiacono
457 2445 511 2486 de
525 2444 721 2486 Robleda
733 2443 1075 2484 OrdinatioCol-

121 2507 261 2548 latore
296 2501 485 2547 concessa
515 2504 728 2545 RoderIco
763 2503 984 2545 Gonzalez
1018 2503 1073 2544 de

123 2562 330 2610 consensu
355 2564 500 2605 Alvari
521 2566 647 2606 Pet-ez
664 2561 830 2606 offorio
844 2591 856 2610 ‚
888 2567 927 2606 &
941 2561 1074 2605 Elisa-

124 2626 263 2670 bethae
284 2625 413 2666 Perez
430 2622 670 2666 assertorum
689 2624 968 2665 patronorum
986 2653 999 2671 ‚
1032 2627 1074 2666 δι

125 2685 390 2730 Parochialis
412 2684 650 2735 adjudicata
680 2682 757 2724 fuit
774 2685 933 2740 Joanni
951 2684 1074 2725 Enri-

125 2760 239 2806 quez
260 2742 512 2786 Praesentato
531 2744 554 2786 εὶ
571 2745 952 2788 Commendat-ario
972 2773 983 2788 ,
997 2744 1073 2800 qui

126 2808 182 2851 ab
202 2804 300 2847 inde
317 2806 422 2846 citra
437 2806 478 2846 in
499 2804 674 2860 pacifica
690 2805 802 2846 illius
829 2802 1071 2859 possessione

127 2866 394 2911 continuavit
410 2894 423 2914 ‚
454 2878 508 2907 eo
526 2867 624 2923 quia
647 2865 880 2907 Rodericus
900 2863 1076 2905 Colliti·

128 2941 235 2986 gans
255 2927 307 2967 de
338 2924 513 2968 consilio
541 2923 791 2981 sapientium
818 2925 966 2980 agnito
983 2924 1072 2975 ejus

128 2988 243 3032 malo
258 2986 348 3038 jure
379 2987 444 3028 liti
463 2985 701 3041 amplissime
719 2986 1008 3032 renunciavit,
1035 2988 1075 3026 ὅτ.

131 3044 573 3103 deniqueinterposita
588 3060 638 3088 ex
658 3058 774 3101 parte
792 3044 1079 3086 Commenda-

131 3107 527 3162 tariiappellatione
552 3105 754 3148 adversus
776 3105 1078 3147 institutionem

132 3169 186 3211 ab
197 3167 350 3210 eodem
365 3165 684 3208 Archidiacono
697 3166 750 3207 de
765 3165 959 3206 Robleda
972 3163 1080 3204 Col-

133 3229 274 3271 latore
304 3241 413 3269 anno
452 3239 578 3278 1492.
607 3224 900 3267 demandatam
931 3223 1078 3266 favore

137 3287 319 3332 Andreae
350 3286 572 3328 Gonzalez
603 3283 835 3341 praesentati
855 3298 928 3338 per
951 3284 1084 3326 Dida-

137 3362 232 3391 cum
262 3348 315 3389 de
343 3346 522 3389 Rioseco
553 3348 774 3388 authorem
804 3345 1083 3402 primogeniti

141 3409 196 3450 de
227 3404 388 3449 Grixoa
403 3436 416 3456 ‚
445 3421 586 3449 coram
619 3403 896 3447 Thesaurario
926 3406 1088 3447 Cathe-

1957 250 2085 314 451

1150 336 1342 379 nonnulli
1375 337 1518 379 Testes
1549 339 1660 379 circa
1694 336 2017 392 pertinentiam,
2054 341 2095 381 δι

1151 395 1266 454 quasi
1283 393 1570 452 posseffionem
1585 398 1844 440 controversi
1859 396 2101 454 jurispatro-

1158 468 1281 498 natus
1302 485 1316 504 ‚
1349 459 1424 514 qui
1448 459 1663 499 unanimes
1694 459 1734 499 in
1763 460 1867 500 hanc
1882 472 2102 511 conve-ne-

1160 527 1261 559 runt
1291 517 1600 573 depositionem
1619 546 1632 566 ,
1659 518 1776 575 quod
1808 532 1879 573 per
1909 521 2102 575 quinque

1159 578 1455 634 praecedentes
1486 579 1731 619 vacationes
1769 578 2104 620 institutionem)

1154 637 1439 680 indesinenter
1478 634 1756 694 reportassent
1786 635 2026 680 Praesentati
2071 638 2097 680 ὲ

1167 699 1560 741 Commendatariis
1578 727 1590 739 .

1100 770 1158 811 44
1221 759 1347 801 Unde
1378 772 1446 801 tot
1461 758 1608 802 favore
1623 758 1899 803 Commendae
1919 759 2107 800 militan-

1164 818 1278 860 tibus
1296 821 1466 860 statibus
1482 849 1493 866 ‚
1514 824 1552 862 &
1574 833 1652 876 prae
1668 820 1834 861 caeteris
1848 821 1933 862 illis
1953 822 2107 861 incon-

1162 881 1410 922 tradic‘torio
1426 879 1586 930 judicio
1604 879 1882 921 constabilitis
1902 908 1915 927 ,
1945 894 1996 921 ex
2011 878 2108 936 qui-

1163 939 1243 981 bus
1259 941 1456 981 omnibus
1476 952 1593 995 patet
1612 969 1623 986 ‚
1643 937 1956 981 controversam
1980 941 2108 981 Paro-

1164 1000 1345 1042 chialem
1359 1014 1431 1055 per
1458 998 1678 1055 longisiimi
1699 1001 1904 1055 temporis
1923 996 2109 1054 lapsum

1167 1059 1257 1102 fere
1277 1058 1436 1116 semper
1462 1061 1744 1111 adjudicatam
1771 1057 1887 1102 fuisse
1918 1061 1970 1101 ad
2004 1072 2109 1114 prae-

1167 1118 1449 1162 sentationem
1467 1121 1832 1164 Commendatarii
1851 1149 1864 1168 ‚
1880 1120 2112 1162 moderna-e

1167 1181 1374 1223 institutio
1394 1183 1499 1223 citra
1517 1180 1814 1224 haefitationem
1835 1181 1886 1223 ad
1922 1192 2113 1221 normam

1169 1240 1306 1282 ultimi
1323 1242 1448 1283 status
1466 1241 1733 1284 decernenda
1763 1241 1818 1283 est
1842 1271 1856 1290 ‚
1890 1241 1988 1282 dum
2016 1240 2112 1281 illu

1169 1304 1388 1343 maximam
1423 1304 1572 1358 recipit
1619 1303 2017 1356 comprobationem
2061 1313 2114 1343 ex

1171 1362 1465 1416 multiplicatis
1480 1359 1845 1417 praesentationum
1861 1362 2019 1406 astibus
2037 1372 2112 1415 per

1170 1422 1251 1463 tria
1266 1419 1354 1463 fere
1376 1420 1520 1463 saeeula
1535 1422 1793 1473 judicialiter
1808 1422 2057 1478 approbata,
2075 1423 2116 1462 &

1172 1481 1405 1537 plenarium
1421 1479 1612 1524 effectum
1633 1478 1789 1524 sortitis
1804 1510 1817 1530 ,
1850 1485 1939 1522 Rot.
1965 1480 2006 1521 in
2026 1483 2119 1520 Me-

1177 1542 1369 1583 diotanen.
1399 1542 1604 1583 Prioratus
1656 1556 1672 1582 1
1685 1555 1720 1585 2.
1751 1540 1956 1583 Februarii
1990 1553 2119 1590 1701.

1181 1606 1219 1650 §-
1251 1603 1351 1644 Cum
1368 1602 1470 1643 enim
1482 1616 1614 1643 coram
1641 1602 1936 1658 Eminentiffimo
1951 1603 2080 1642 Scotto
2105 1627 2121 1649 ‚

1182 1661 1224 1702 in
1242 1662 1404 1703 Aretiha
1415 1663 1600 1717 Beneficii
1617 1676 1635 1702 2
1645 1675 1685 1714 3.
1702 1663 1848 1716 Aprilis
1867 1676 1881 1701 ι
1893 1675 1947 1712 70
1956 1676 1993 1713 3.
2005 1660 2125 1708 §.Ta-

1180 1722 1257 1763 lem
1271 1725 1370 1766 vero*
1387 1739 1519 1764 coram
1535 1727 1629 1765 134².
1637 1729 1685 1765 D.
1704 1738 1786 1764 meo
1802 1722 1965 1775 Ansuldo
1993 1721 2034 1761 in
2049 1725 2125 1762 Bo-

1186 1783 1337 1824 nonien.
1364 1784 1642 1839 Beneficiorum
1667 1785 1714 1823 de
1742 1783 1915 1837 castellis
1950 1795 1989 1823 2.
2025 1779 2128 1832 Maii

1192 1855 1320 1891 1712.
1343 1847 1381 1890 §.
1406 1847 1465 1885 Ex
1481 1844 1542 1884 his
1568 1844 1693 1900 igitur
1711 1857 1838 1885 coram
1866 1846 2018 1884 R.P.D.
2045 1855 2128 1881 meo

1190 1903 1338 1957 Crispo,
1363 1903 1405 1941 in
1442 1904 1705 1944 Mediolanen.
1731 1902 1911 1957 Beneficii
1935 1915 1976 1951 7.
2007 1898 2130 1958 ‘Junii

1193 1977 1209 2004 1
1220 1976 1320 2014 715·
1332 1968 1370 2010 §.
1388 1963 1550 2004 Militat
1563 1978 1694 2004 coram
1709 1963 1839 2003 eodem
1852 1991 1864 2009 ‚
1882 1962 1924 2001 in
1941 1961 2133 2001 Faventi-

1186 2039 1238 2065 na
1257 2023 1497 2064 parochialis
1515 2027 1554 2064 6.
1576 2026 1684 2075 Maji
1701 2023 1870 2076 ejusdem
1882 2025 1976 2063 anni
1993 2024 2132 2069 §.Cer-

1190 2084 1272 2125 tius
1293 2097 1425 2123 coram
1442 2089 1536 2125 R.P.
1545 2090 1594 2125 D.
1612 2098 1690 2124 meo
1708 2087 1900 2124 Lana-etta
1927 2111 1941 2130 ,
1974 2081 2023 2124 ὁ·
2036 2095 2134 2135 pro-

1174 2143 1363 2199 sequitur
1376 2145 1506 2196 Causse
1521 2144 1656 2199 decisio
1680 2148 1717 2190 §-
1740 2146 1867 2198 quue
1886 2141 2032 2183 cercius
2045 2171 2058 2181 .

1252 2205 1355 2245 Non
1371 2203 1423 2244 ad
1441 2206 1720 2246 enervandam
1736 2203 1846 2246 ade&
1860 2203 2105 2259 antiquam)
2120 2227 2136 2249 ,

1195 2268 1234 2308 δε
1257 2266 1546 2306 continuatam
1578 2262 1691 2321 quast
1720 2259 2000 2318 poffeffionem
2031 2275 2136 2316 prae-

1194 2321 1388 2365 sentandi
1407 2353 1420 2371 ,
1448 2326 1490 2365 in
1516 2337 1599 2380 qua.
1615 2322 1882 2366 Commenda
1899 2323 2137 2376 reperitur,

1193 2384 1428 2442 quidquam
1450 2397 1599 2439 urgere
1618 2385 1749 2425 valuit
1764 2410 1776 2430 ,
1796 2382 1914 2439 quod
1930 2378 2140 2423 sententia

1194 2445 1294 2486 anni
1321 2445 1447 2490 1678.
1463 2445 1738 2497 detegeretur
1752 2456 1945 2489 erronea,
1965 2456 2019 2483 eo
2039 2442 2140 2498 quia.

1196 2505 1401 2555 majorem
1421 2530 1435 2550 ‚
1467 2506 1507 2544 δι
1525 2503 1792 2558 pinguiorem
1810 2514 1967 2557 partem
1985 2514 2140 2543 vocum

1199 2563 1258 2606 fa.
1277 2577 1351 2604 ore
1397 2562 1761 2602 Commendatarii
1795 2559 2067 2614 desumpserit
2115 2560 2141 2603 ὲ

1200 2624 1379 2671 maiori,
1407 2626 1447 2664 &
1478 2623 1690 2677 pinguiori
1715 2622 1990 2678 perceptione
2022 2621 2142 2661 deci-

1187 2697 1354 2726 marum
1371 2711 1383 2731 ‚
1403 2696 1496 2739 quae
1516 2683 1998 2723 mulsam-connexionem
2022 2708 2036 2728 ,
2069 2691 2142 2722 aut

1194 2746 1450 2787 relationem
1469 2743 1622 2784 habere
1640 2743 1784 2785 valent
1795 2743 2144 2796 cuqurepatro-

1204 2817 1352 2846 natus.
1386 2804 1595 2857 Quoniam
1623 2799 1888 2858 praetermissa
1919 2801 2143 2855 indagine:

1199 2866 1340 2910 tituli,
1364 2878 1414 2905 ex
1434 2877 1520 2918 quo
1545 2863 1595 2903 ad
1613 2862 1923 2905 Commendam
1937 2874 2146 2916 pervene-

1195 2928 1252 2968 rit
1271 2924 1335 2976 jus
1355 2922 1554 2976 exigendi
1573 2920 1765 2977 proefitas
1778 2918 2143 2967 decimas,admis-

1198 2983 1333 3041 soque
1351 2984 1475 3023 etiam
1495 2996 1568 3037 per
1584 2980 1847 3038 hypothesim
1866 3010 1879 3030 ,
1896 2981 2015 3038 quod
2036 2981 2147 3023 dieta

1198 3043 1407 3086 sententia
1422 3043 1606 3098 aliquam
1622 3043 1865 3084 involveret
1880 3041 2145 3085 dubietatem

1192 3119 1275 3162 -per
1292 3101 1658 3157 interpositionem
1671 3099 1799 3143 causae
1817 3130 1831 3150 ,
1857 3101 1938 3143 five
1966 3102 2148 3143 rationis

1204 3177 1351 3221 parum
1368 3190 1382 3210 ,
1398 3175 1467 3203 aut
1485 3163 1589 3204 nihil
1604 3163 1819 3203 influentis
1848 3161 1901 3203 ad
1929 3164 2148 3217 pertinen-

1208 3227 1309 3267 tiam
1331 3219 1682 3278 Iurispatronatus
1703 3250 1716 3269 ,
1746 3222 1900 3264 exinde
1913 3233 2053 3263 tamen
2071 3222 2150 3263 mi·-

1202 3286 1313 3327 nime
1327 3281 1509 3324 inficitur
1528 3281 1639 3340 quasi
1657 3278 1843 3339 posseffio
1861 3283 2153 3324 Commenda-

1205 3345 1300 3388 tarii
1320 3342 1558 3398 simpliciter
1574 3372 1587 3391 ,
1603 3347 1642 3385 &
1659 3342 1994 3399 independenter
2013 3343 2065 3384 ab
2085 3356 2152 3384 ea-

1198 3406 1305 3447 dem
1320 3405 1576 3445 decimarum
1595 3405 1871 3459 perceptione
1886 3417 1937 3445 ex
1967 3415 2035 3445 tot
2057 3403 2152 3443 aliis

141 3468 272 3510 dralis
299 3466 489 3510 Ecclesiae
515 3467 750 3510 Astoricen.
778 3466 934 3521 Judice
957 3466 1089 3507 Dele-
1149 3475 1201 3516 45
1223 3466 1459 3507 enunciatis
1478 3464 1649 3506 statibus
1667 3465 1968 3521 comprobata,
1985 3464 2077 3505 cum
2095 3461 2150 3501 de

140 3541 246 3588 gato
277 3527 331 3570 de
361 3541 471 3573 anno
503 3539 633 3590 14955
661 3527 888 3571 examinati
917 3524 1091 3571 fuerunt

161 3628 166 3634 ,
211 3591 315 3630 Pars
327 3590 383 3630 II.

1210 3526 1299 3580 jure
1315 3522 1579 3584 praesentatio
1600 3524 1727 3567 dubia
1742 3554 1755 3573 ,
1787 3537 1856 3567 aut
1887 3524 2107 3583 aequivoca
2126 3519 2152 3562 ὲ

1653 3585 1688 3630 L
1704 3585 1750 3630 ll
1784 3597 1811 3638 2·
2044 3580 2159 3624 stati-
