2456 3802
0 1675 3 1702 -ᾼ
0 1191 7 1656 τψῂ-ᾑ--ο-..ᾒ-...ῃ
4 1122 8 1178 >-.„.
6 1022 9 1033 ..
7 998 9 1009 ..

407 155 730 242 Dejurep.
754 151 1132 217 Par.ll.Can.
1156 152 1379 219 XXVI.
1399 152 1542 218 Cal?
1560 154 1632 217 II.

101 266 311 327 Joanneni
333 270 457 328 Sylos
474 273 702 313 Patronum
721 269 800 311 fuit
817 269 1026 310 institutus
1040 294 1054 315 ,

108 344 162 372 ex
178 346 262 391 qua
291 333 582 375 nominatione
614 331 803 372 extranei
822 327 1054 387 aliquando

113 389 217 434 faeta
244 394 501 435 contrarium
517 390 708 447 profecto
735 401 1056 446 argumentum)

115 450 331 510 consurgit
346 481 359 500 ‚
372 452 489 510 quod
504 448 988 507 nempeJuspatronatus
1001 447 1054 488 ad

113 512 215 554 illos
234 514 286 554 de
307 512 463 554 familia
482 511 629 568 paffive
644 510 869 552 restrictum
887 522 971 551 non
991 508 1056 548 di·-

113 585 235 615 catur
250 601 263 621 ,
280 582 406 628 prout
426 575 468 615 in
479 571 776 615 fraternizante
789 570 964 612 materia
980 582 1054 609 ex-

113 632 315 675 cludendi
344 634 571 675 coactivam
603 628 960 688 praesentationem
984 628 1056 669 Sa·-

112 691 337 735 cerdotum
352 721 365 742 ‚
393 694 445 735 ad
467 691 722 750 propositum
740 701 921 746 arguunt
937 719 948 730 .
979 693 1055 730 Ge-

116 753 283 794 minian.
297 754 339 794 in
354 766 436 808 cap.
454 753 538 795 c1>m
552 754 598 793 de
613 751 778 806 Benefic.
801 764 909 790 num.
933 764 947 789 1
963 763 996 788 1.
1009 749 1056 789 de

112 814 279 868 praeben.
297 814 338 855 in
354 818 394 854 6.
410 819 557 856 Lctter.
574 813 620 853 de
635 827 678 852 re
692 811 914 865 beneficiar.
929 810 995 850 lib.
1016 822 1054 849 2.

117 872 247 927 quaest.
264 888 336 926 47.
353 889 455 915 num.
474 887 542 925 27.
572 876 724 914 Monet.
740 872 786 912 de
802 881 977 911 commut.
997 870 1057 909 ul-

115 933 256 978 timar.
272 935 424 976 volunt.
441 944 806 988 cap.10.num.142.
825 936 913 972 Rot.
930 944 1056 972 coram

115 995 291 1037 Mantic.
310 995 423 1048 dect-'fi
447 1009 461 1034 1
474 1008 542 1045 29.
562 1004 634 1046 per
647 1003 719 1033 tot.
745 992 786 1031 in
804 992 1057 1032 Melevitana

115 1055 393 1109 Beneficiorum
415 1067 430 1094 1
441 1058 483 1094 6.
497 1052 617 1113 ‘Junii
633 1067 647 1092 1
659 1066 682 1103 7
694 1065 708 1091 1
719 1068 758 1091 0.
773 1057 810 1099 §.
829 1051 1058 1104 Observan-

115 1114 177 1155 tia
186 1114 316 1170 infine
331 1129 460 1156 coram
475 1117 627 1156 R.P.D.
643 1128 728 1154 meo
743 1112 962 1152 Falconerio
977 1140 989 1158 ‚
1008 1110 1057 1153 &¹

115 1174 158 1215 in
176 1174 427 1229 Melphic‘ffen.
447 1173 632 1230 Beneficii
659 1179 727 1213 26.
759 1172 880 1231 “Junii
910 1178 948 1219 §.
967 1174 1064 1226 Atst

118 1234 245 1275 adhuc
277 1250 407 1276 coram
422 1234 718 1292 Eminentffmo
748 1233 877 1274 Priola
896 1261 908 1280 ,
948 1235 986 1274 &
1005 1231 1058 1272 ad

116 1291 306 1352 effectum
320 1296 505 1338 evitandi
522 1293 799 1336 necessitatem
814 1290 1060 1348 praesentan-

115 1353 162 1394 di
185 1352 298 1396 solos
323 1357 573 1411 originarios
591 1384 604 1403 ‚
637 1352 704 1397 seu
735 1351 1058 1394 Patrimoniales

118 1413 399 1458 confideravit
414 1422 503 1458 Rot.
518 1415 560 1454 in
574 1418 727 1456 Comen.
746 1413 1060 1470 Archipresbyte-

117 1486 233 1515 ratus
254 1487 320 1526 17.
336 1475 458 1533 ‘Junii
480 1488 607 1527 1715.
624 1472 793 1528 §.finali
809 1488 886 1513 cor.
905 1476 1056 1514 R.P.D.

115 1548 198 1577 mco
210 1535 431 1576 Falconcrio
446 1566 457 1577 .

178 1596 272 1637 Nec
289 1595 474 1644 dicatur,
504 1595 620 1653 quod
653 1609 704 1637 ex
735 1591 1056 1651 praesentatione

115 1656 312 1698 Extranei
326 1653 432 1711 facta
462 1656 515 1698 de
530 1669 640 1699 anno
665 1660 794 1707 1642.
825 1650 1053 1695 observan-

0 1712 3 1766 ξ
61 1719 115 1766 56
127 1716 194 1758 tia
204 1729 281 1772 pro
298 1715 383 1757 illis
398 1717 451 1757 de
468 1717 639 1758 Familia
655 1730 739 1758 non
757 1713 890 1757 solum
904 1714 1058 1762 everti,

116 1772 189 1817 sed
204 1776 348 1832 potius
364 1775 603 1818 confirmari
620 1776 759 1818 valeat
792 1788 843 1816 ex
859 1787 911 1815 eo
933 1774 1059 1830 quiao

114 1837 352 1878 nominatio
369 1837 557 1879 extranei
585 1835 713 1878 fuerit
731 1834 902 1890 praecise
925 1834 1059 1875 restri-

116 1901 179 1939 eta
197 1909 270 1950 pro
286 1895 353 1936 illa
385 1896 473 1936 vice
491 1897 651 1938 tanthm
667 1925 677 1936 .
710 1897 809 1939 Haec
827 1893 1059 1951 siquidem..-

75 1989 81 1992 -
118 1954 329 2012 responsio
360 1957 550 1998 evidenti
580 1955 746 1998 fallacia
773 1955 964 1995 laborare
986 1953 1060 1994 de·-

114 2019 271 2072 tegitur
288 2045 299 2057 .
333 2016 613 2059 Ponderando
626 2045 639 2063 ‚
658 2015 776 2074 quod
793 2010 1057 2070 praesentatio

116 2076 216 2119 disti
230 2076 326 2117 anni
349 2081 473 2127 1642.
504 2091 588 2120 non
616 2075 696 2117 fuit
724 2076 775 2117 ab
792 2072 881 2130 ipso
891 2074 1058 2130 Joanne

121 2136 247 2192 Sylos
281 2135 437 2179 directe
455 2166 469 2185 ‚
498 2141 538 2180 &
566 2133 842 2193 personaliter
862 2134 1028 2189 expleta
1045 2161 1058 2181 ‚

116 2194 188 2238 sed
205 2196 228 2237 a
243 2195 363 2237 Duce
380 2196 547 2238 Andriae
563 2226 575 2245 ,
595 2209 796 2253 tanquam
809 2196 1061 2235 Procurato-

121 2267 252 2310 repro
269 2269 314 2295 ea
333 2256 422 2297 vice
438 2258 597 2298 tantam
613 2257 860 2301 constituto,
875 2255 971 2295 hinc
987 2267 1061 2310 pa-

119 2327 183 2359 tet
197 2343 210 2364 ‚
245 2316 362 2373 quod
381 2317 545 2370 objecta
576 2317 776 2359 restrictio
794 2327 1060 2371 nequaquam

117 2373 336 2433 personam
364 2376 604 2419 Praesentati
619 2373 786 2433 respicit
800 2404 813 2424 ‚
841 2372 910 2417 sed
927 2372 1065 2416 facul-

118 2447 248 2479 tatem
265 2434 540 2490 praesentandi
553 2438 597 2478 in
627 2437 913 2478 Procuratore
929 2434 1062 2476 infor-

117 2509 207 2538 met
223 2524 236 2544 ‚
268 2495 381 2538 illam
406 2497 697 2554 restringendo
709 2496 763 2537 ad
776 2509 870 2538 eum
893 2496 1060 2538 dumta-

119 2567 193 2599 xat
204 2558 335 2598 actum
356 2555 684 2611 praesentationis
702 2557 754 2598 ad
770 2553 960 2599 effectum
972 2555 1062 2598 for-

83 2635 96 2648 ·
119 2613 220 2658 taffe
239 2645 252 2665 ,
283 2617 332 2658 ne
348 2618 421 2659 ille
441 2619 592 2675 vigore
614 2617 801 2659 mandati
829 2619 852 2657 a
873 2618 1059 2657 Patrono

118 2678 326 2732 reportati
356 2679 480 2718 ctiam
504 2679 546 2718 in
591 2676 740 2719 futuris
769 2676 1061 2717 vacationibus

117 2733 370 2792 praesentare
388 2737 460 2779 fibi
476 2748 692 2794 arrogaret
708 2752 719 2783 ς
736 2734 806 2777 sed
820 2735 923 2792 quid
951 2737 1062 2777 ultro

119 2798 163 2837 in
189 2797 266 2837 hac
297 2794 565 2840 observantia
595 2811 671 2852 pro
702 2795 986 2853 restringenda
1017 2796 1065 2836 li-

116 2857 284 2898 bertate
301 2858 472 2900 Patroni
500 2855 774 2914 praesentandi
793 2853 906 2897 solos
932 2855 985 2896 de
1002 2854 1063 2896 fa-

118 2916 234 2958 milia
253 2915 442 2959 infistitur
457 2947 470 2966 ‚
502 2917 674 2975 quando
691 2931 741 2958 ex
753 2916 961 2957 relatione
979 2916 1062 2956 Re-

118 2976 397 3018 verendisfimi
430 2978 640 3019 Ordinarii
660 2977 874 3018 »Bituntini
902 2977 953 3016 ad
971 2977 1062 3017 Sae.

118 3037 514 3095 Congrcgationem
532 3035 852 3093 Episcoporum,
868 3041 907 3077 &
925 3037 1064 3091 Regu-

116 3097 263 3138 larium
282 3095 502 3138 transmiisa
516 3126 529 3146 ‚
555 3101 714 3141 constat
731 3111 782 3139 ex
792 3094 1062 3153 perquisitio-

117 3170 171 3198 ne
188 3160 370 3201 asturum
402 3158 676 3201 Cancellariae
707 3155 967 3212 Episcopalis
997 3170 1063 3197 re-

121 3214 275 3259 sultare
295 3246 308 3266 ,
340 3218 458 3275 quod
476 3216 632 3275 absque
663 3217 748 3258 ulla
763 3216 1065 3258 reclamatione

118 3274 278 3320 fuerint
294 3275 527 3333 promiscue
543 3274 780 3334 praesentati
795 3305 808 3324 ‚
823 3279 862 3318 &
875 3273 1068 3331 respecti-

119 3336 171 3378 ve
190 3337 362 3379 instituti
375 3351 460 3380 tam
477 3335 793 3393 Consanguinei
809 3365 822 3384 ‚
841 3335 966 3392 quam
983 3337 1067 3377 Ex-

122 3398 284 3438 tranei.
315 3399 541 3440 Ordinatio
560 3410 698 3439 autem
716 3409 914 3453 tanquam
930 3396 981 3436 dc
995 3396 1068 3436 sta-

119 3468 162 3498 tu
198 3458 382 3499 omniurn
414 3459 716 3501 beneficiorum
755 3455 830 3498 suae
859 3455 1066 3498 Dioecefis

122 3524 126 3527 ’
182 3519 284 3558 Pars
313 3520 366 3558 II.

1991 171 2131 238 ‘457

1180 269 1305 325 plene
1324 270 1516 315 instrusto
1532 299 1545 319 ‚
1579 267 1866 313 &informato
1882 269 2009 325 plena
2026 269 2132 315 fides

1181 331 1391 385 praestatur
1408 359 1422 379 ‚
1452 336 1542 373 Rot.
1562 330 1676 382 decis.⁸
1698 344 1743 370 12
1756 344 1794 370 2.
1828 345 1960 370 coram
1971 335 2131 372 Dunoz.

1174 389 1264 441 jun.
1282 419 1295 438 ‚
1312 390 1361 433 &³
1376 391 1491 443 decis}
1502 405 1568 444 14.
1583 403 1734 440 num.7.
1750 405 1880 431 coram
1896 395 2131 432 R.P.D.meo

1180 450 1341 502 Ansald.
1371 451 1623 504 Herbipolen.
1652 450 1885 501 Monasterii
1925 464 1939 489 1
1951 466 1988 489 0.
2007 451 2131 509 ‘'Junii-

1186 522 1312 560 1709.
1329 515 1367 557 §.
1386 513 1436 550 Et
1447 511 1665 566 augebatur
1678 524 1807 550 coram
1841 511 1925 550 bon.
1941 526 2014 551 me.
2032 513 2130 566 Caf-

1164 569 1319 623 farello
1335 599 1348 619 ,
1370 569 1421 612 ὠ·
1436 570 1477 610 in
1492 570 1652 611 Vilicen.
1672 569 1917 610 parochialis
1919 571 2039 623 super
2057 586 2127 613 ne-

1174 629 1284 687 gotio
1294 630 1506 685 principali
1523 645 1541 670 2
1553 643 1593 680 7.
1610 629 1738 689 'Junii
1758 643 1807 682 17
1819 644 1883 670 10.
1909 633 1946 675 §.
1964 631 2037 672 His
2053 647 2129 672 cor.

1179 690 1430 744 Eminentifi.
1449 690 1575 732 Priola
1593 720 1605 730 .

1237 751 1333 792 Hoc
1366 751 1573 808 praecipue
1605 751 1887 794 coadiuvante
1912 748 2020 794 fatto
2039 749 2128 806 ipso

1178 811 1390 852 Leonardi
1404 840 1418 860 ‚
1434 813 1508 869 qui
1524 812 1576 853 ab
1595 809 1752 852 affertis
1768 813 1962 853 Patronis
1979 809 2130 868 posses-

1176 870 1289 912 fione
1319 871 1592 927 praesentandi
1622 872 1832 913 destitutis
1865 873 2124 915 nominatio-

1178 944 1269 972 nem
1287 930 1490 989 consequi
1517 933 1705 977 curavit;
1738 930 1892 988 signum
1918 933 2095 974 evidens
2112 962 2125 982 ‚

1121 1002 1175 1041 57
1193 992 1311 1049 quod
1325 992 1550 1048 agnoverit
1569 992 1610 1034 in
1636 991 1784 1048 paffiva
1802 994 2027 1034 vocatione
2049 1007 2122 1047 pa-

1175 1066 1265 1094 rum
1282 1064 1417 1093 tutum
1430 1050 1656 1108 praesidium
1670 1053 1853 1108 reperire
1872 1050 2048 1107 potuisse
2069 1054 2120 1094 ad

1180 1111 1467 1156 animadversa
1485 1126 1556 1168 per
1583 1117 1672 1155 Rot.
1687 1112 1727 1151 in
1752 1111 1974 1168 Augustam
1997 1116 2126 1153 Cano-

1180 1173 1334 1214 nicatus
1364 1187 1383 1212 2
1398 1186 1433 1214 1.
1450 1172 1651 1231 ⁶Januarii
1671 1173 1879 1225 1715.sub
1908 1177 1946 1219 §.
1959 1177 2045 1214 Non
2059 1173 2126 1214 ob-

1164 1233 1255 1285 stat
1271 1235 1503 1289 vnficuhfi
1513 1233 1616 1274 enim
1631 1248 1764 1274 coram
1783 1236 2021 1274 R.P.D.meo
2038 1236 2124 1274 Fal-

1177 1292 1349 1341 conerio,
1378 1292 1463 1351 ipse
1480 1295 1640 1335 etenim
1678 1294 1944 1351 quatenusin
1960 1294 2127 1350 jurepa-

1177 1365 1347 1396 tronatu
1365 1354 1458 1408 pasti
1468 1368 1522 1395 vo
1562 1351 1891 1409 comprehensus
1907 1354 2008 1396 vere
2038 1355 2127 1396 exi-

1177 1415 1300 1456 steret
1316 1441 1330 1461 ‚
1357 1411 1703 1469 praesentationes
1721 1413 1744 1454 a
1767 1414 1959 1454 Patronis
1980 1426 2126 1455 extor-

1178 1487 1310 1530 quere
1330 1486 1412 1515 non
1427 1471 1668 1530 indiguisset
1684 1502 1697 1522 ,
1710 1472 1802 1514 cum
1817 1473 1878 1514 illi
1901 1474 1953 1514 de
1970 1487 2127 1529 genere

1177 1545 1334 1577 vocato
1351 1534 1527 1589 perinde
1550 1534 1783 1576 habeantur
1798 1562 1811 1582 ‚
1847 1547 1894 1575 ac
1911 1532 2006 1574 fi-ab
2025 1534 2120 1590 ipsis

1176 1595 1488 1636 Fundatoribus
1504 1591 1669 1635 fuissent
1686 1591 1881 1649 expresse
1902 1591 2127 1649 proesenta-

1178 1656 1211 1696 ti
1227 1668 1279 1696 ex
1295 1654 1421 1710 plene
1448 1653 1657 1710 congestis
1673 1666 1749 1706 per
1764 1657 1911 1694 Rotam
1928 1655 1967 1694 in
1983 1655 2147 1699 Valen-,

1176 1715 1263 1757 tina
1291 1714 1478 1769 Beneficii
1496 1719 1537 1754 6.
1554 1713 1782 1755 Decembris
1804 1726 1931 1764 1713.
1960 1715 2124 1761 §.Clara

1177 1790 1309 1817 coram
1323 1779 1373 1816 R.
1392 1779 1436 1814 P.
1449 1779 1502 1817 D.
1517 1788 1597 1816 meo
1613 1778 1806 1818 Lancetta
1824 1773 1952 1826 Asten.
1971 1774 2127 1829 Benefi-

1177 1835 1227 1877 cii
1247 1834 1598 1884 10.Decembris17
1611 1846 1674 1885 14.
1693 1836 1787 1881 §.Et
1807 1834 1828 1874 ὲ
1847 1844 1982 1875 contra
1996 1850 2126 1875 coram

1175 1899 1330 1937 R.P.D.
1344 1909 1426 1935 meo
1443 1894 1609 1947 Ansaldo
1624 1923 1638 1942 ‚
1656 1893 1704 1936 &⁴
1717 1894 1759 1934 in
1778 1892 2015 1935 Tridentina
2030 1900 2129 1948 Cap-

1167 1956 1348 2010 pellaniae
1367 1968 1405 2005 5.
1438 1954 1586 2009 Aprilis
1620 1967 1635 1993 1
1647 1967 1668 2005 7
1682 1967 1697 1992 1
1710 1964 1748 2003 5.
1780 1957 1820 2000 §.
1836 1955 1980 1996 Veram
1995 1969 2125 1995 coram

1177 2019 1335 2058 R.P.D.
1352 2030 1432 2056 meo
1449 2019 1641 2056 Lancetta
1658 2043 1669 2054 .

1235 2076 1313 2117 His
1331 2076 1519 2132 denique
1545 2088 1631 2117 non
1659 2075 1734 2116 abs
1762 2087 1806 2115 re
1839 2075 2017 2116 alteram
2043 2075 2130 2116 cir-

1174 2136 1458 2179 cumstantiam
1493 2135 1593 2176 addi
1633 2132 1746 2190 poffe
1782 2134 2009 2178 videbatur
2056 2136 2129 2176 de-

1122 2200 1175 2251 58
1193 2208 1428 2253 promptam
1441 2210 1491 2237 ex
1508 2193 1712 2237 sententia
1725 2196 1863 2237 latain
1880 2196 2030 2236 ultimo
2051 2195 2129 2236 sta-

1178 2270 1225 2299 tu
1239 2285 1253 2306 ,
1266 2257 1307 2299 in
1321 2270 1404 2314 qua
1421 2255 1678 2297 declaratum
1693 2254 1771 2296 fuit
1790 2284 1802 2303 ,
1835 2253 2039 2298 Caesarem
2058 2257 2133 2296 Pa-

1178 2330 1348 2360 tronum
1379 2317 1552 2372 reperiri
1576 2317 1617 2356 in
1647 2314 1759 2372 quali
1789 2312 1976 2371 posseffio
2009 2315 2131 2356 libere*

1175 2373 1485 2434 praesentandi,
1516 2378 1558 2418 in
1587 2389 1722 2432 eaque
1749 2373 1827 2417 else
1850 2387 2130 2420 manutenen-

1176 2438 1301 2483 dum;
1337 2437 1527 2478 Facultas
1544 2448 1682 2476 autem
1710 2435 1831 2476 libere
1850 2434 2129 2490 praesentandi

1176 2499 1220 2540 in
1236 2497 1389 2540 eodem
1408 2493 1569 2540 Caesare
1585 2491 1721 2536 adesse
1748 2493 1953 2551 fiquidem
1977 2496 2130 2552 nequi-

1177 2570 1268 2606 ret,
1295 2558 1466 2614 quoties
1485 2556 1557 2596 ille
1575 2566 1736 2595 certum
1765 2568 1897 2609 genus
1915 2552 2120 2610 persona-

1176 2632 1264 2659 rum
1282 2614 1526 2673 praesentare
1544 2614 1874 2669 obstringeretur
1888 2630 1899 2659 ς
1915 2615 2057 2663 Unde,
2081 2627 2127 2657 ut

1175 2675 1388 2719 sententiae
1407 2676 1533 2718 verba
1551 2671 1750 2730 superflua
1769 2687 1852 2716 non
1884 2686 2127 2717 remaneant

1174 2735 1372 2794 illiusque
1389 2733 1605 2790 dispositio
1622 2732 1863 2776 verificetur
1881 2762 1894 2781 ‚
1929 2731 2002 2776 sub
2017 2735 2127 2776 dicta

1175 2798 1310 2839 libera
1352 2795 1554 2838 facultate
1602 2790 1881 2850 praesentandi
1911 2795 2122 2851 quaelibet

1175 2857 1324 2914 paffiva
1339 2856 1536 2898 restric‘tio
1555 2854 1606 2896 ad
1622 2854 1721 2896 illos
1735 2853 1788 2895 de
1807 2852 1964 2895 familia
1980 2854 2131 2895 exclua

1176 2917 1216 2960 sa
1233 2917 1361 2959 debet
1397 2912 1556 2958 censeri
1587 2914 1703 2966 juxta
1736 2912 2021 2956 animadversa
2055 2927 2128 2969 per

1177 2977 1338 3031 Barbas.
1354 2977 1478 3017 traH.
1495 2991 1593 3016 var.
1609 2974 1782 3027 dssinff.
1806 2987 1819 3013 1
1831 2988 1901 3023 90.
1930 2988 2033 3014 num.
2059 2987 2125 3026 13.

1175 3038 1343 3081 Ganzal.
1355 3037 1410 3077 ad
1428 3035 1549 3091 regul.
1569 3037 1607 3074 8.
1623 3034 1938 3091 Cancell.gloffi5
1953 3047 1990 3084 3.
2009 3045 2125 3083 n.25.

1175 3101 1268 3138 Rot.
1285 3112 1362 3138 cor.
1378 3101 1493 3137 Puteo
1508 3095 1778 3148 dec.100.per
1795 3104 1869 3135 tot.
1884 3093 1998 3148 lib.3.
2016 3094 2065 3137 ὠ·
2080 3094 2122 3134 in

1178 3172 1255 3199 rec.
1272 3158 1429 3205 dec.65.
1445 3167 1528 3202 n-9.
1541 3166 1681 3207 parnt.

1239 3219 1292 3258 Et
1310 3218 1370 3258 ita
1384 3227 1563 3272 utraque
1579 3219 1657 3257 &c.

1604 3515 1648 3555 M
1663 3528 1699 3554 m
1719 3529 1757 3556 m
2033 3513 2134 3554 AR-
