2456 3802
320 218 455 297 546

271 332 381 373 Barb
389 333 441 384 0st
458 329 516 370 ad
531 326 776 386 Concfflseſj.
797 341 815 367 2
828 341 867 379 5.
881 329 929 368 de
945 326 1102 381 reform.
1118 337 1249 380 cap-5.

274 405 380 433 num.
395 405 438 440 9.
451 389 597 431 adden.
611 389 668 428 ad
684 391 846 430 Buratt.
861 388 977 442 decisi
997 402 1017 428 2
1032 402 1066 429 1.
1084 402 1149 429 nu.
1170 388 1241 427 28.

222 469 269 508 15
296 453 339 494 Si
355 449 571 493 Fundator
602 446 802 505 disponat
817 475 859 484 --
874 449 942 491 che
957 449 1144 508 effi’ndoci
1165 452 1241 491 Sa-

279 512 432 556 cerdati
445 510 550 552 della
577 510 768 567 Famiglia
782 513 832 552 A.
851 522 925 566 per
940 510 1044 553 linea
1061 511 1245 564 maſsuli-

279 590 333 617 na
348 601 362 622 ‚
398 571 440 614 in
454 571 521 615 tal
535 571 619 624 cast>
633 571 754 613 vuole
770 572 837 614 che
833 571 1006 625 succeda
1024 571 1128 613 nella
1143 576 1244 626 Cap-

273 633 452 691 pellania
465 661 479 681 ,
509 647 529 673 e
547 645 624 672 non
638 631 822 692 ffndoci
829 643 903 687 per
922 633 1037 673 detta
1067 632 1212 673 linea...
1229 661 1242 681 ‚

285 695 406 738 vuole
419 694 483 735 che
487 692 658 746 succeda
666 706 740 748 per
754 692 859 733 linea
862 692 1068 746 feminina
1085 693 1143 733 col
1150 693 1259 746 peso.

266 756 476 812 suddetto,
486 753 721 795 intendendo
735 753 802 793 che
800 755 868 809 sta
884 753 1112 801 Sacerdote,
1134 765 1154 791 e
1168 767 1243 793 non

279 815 512 859 altrimente
525 839 567 847 --
584 812 868 868 Cappellania
885 812 1046 854 dicitur
1063 816 1153 857 actu
1171 812 1243 855 Sa-

281 875 515 920 cerdotalis
531 901 545 923 ‚
572 885 618 916 ut
638 871 718 915 fuit
731 871 966 916 resolutum
992 872 1016 915 a
1032 873 1074 915 d.
1090 874 1242 916 Sacra..-

280 936 639 994 Congregatione
650 935 889 990 inNepestna
899 934 1156 989 Cappellaniae
1172 947 1191 974 2
1202 946 1243 985 7.

230 998 401 1052 16Maji
429 1008 559 1048 1713.
586 996 642 1037 ad
654 994 834 1037 Primum
848 1023 860 1036 .
889 995 932 1037 Si
945 996 1138 1038 Testator
1163 995 1242 1037 de-

281 1058 455 1102 mandet
473 1058 730 1099 ereffionem
750 1056 1038 1113 Cappellaniae
1059 1073 1071 1103 ;
1088 1060 1128 1099 δε
1145 1056 1240 1099 cum

284 1120 422 1178 erigat
450 1131 559 1160 nunc
578 1131 657 1174 pro
673 1129 774 1158 tunc
795 1145 810 1166 ‚
834 1117 992 1173 quando
1007 1130 1040 1156 e.
1051 1133 1093 1173 g.
1122 1116 1256 1157 Tizio-

273 1181 380 1234 sard
395 1179 586 1220 arrivato
598 1177 740 1219 all'etd
750 1176 793 1218 di
805 1177 999 1219 celebrare
1013 1177 1045 1218 il
1059 1180 1097 1218 S.
1113 1178 1245 1220 Sacri-

272 1240 385 1296 fici0;
401 1239 699 1295 Cappellania,
717 1252 801 1281 non
815 1238 871 1280 est
889 1236 1073 1287 aetmsed
1093 1240 1244 1282 habitu

282 1299 574 1343 Sacerdotalis
590 1329 603 1347 ,
635 1311 679 1340 ut
700 1300 743 1342 in
769 1298 1038 1355 responsione
1061 1329 1074 1349 ,
1105 1300 1156 1342 ad
1171 1301 1243 1342 Sa-

287 1362 512 1405 cerdotem
527 1359 704 1403 resolvit
716 1360 864 1402 eadem
880 1360 920 1401 S.
938 1360 1239 1419 Congregatio

284 1422 488 1466 Concilii
515 1421 557 1463 in
571 1426 752 1465 Romana
770 1420 1028 1476 Cappellaniae
1046 1436 1062 1463 1
1074 1435 1113 1462 2.
1129 1421 1241 1474 Maji

282 1496 301 1524 1
318 1498 343 1537 7
354 1495 420 1534 14.

230 1539 1241 1661 ¹⁷cafi'1‘ssffsspsss32‘Zeiss'sffliffssrssss’ss‘fffissss

277 1663 549 1707 fundationis
572 1665 862 1721 Cappellaniae
895 1664 918 1706 a
934 1663 1112 1720 praefato
1136 1665 1243 1706 Fun-

281 1725 435 1769 datore
457 1724 688 1781 expressum
722 1724 797 1767 stat
823 1724 1156 1768 demonstrative
1186 1726 1239 1767 ad

280 1785 578 1844 designandam
611 1782 740 1827 solam
774 1785 1027 1841 qualitatem
1055 1787 1241 1828 muneris

279 1846 512 1889 exercendi
527 1862 537 1892 ς
555 1849 593 1887 δι
616 1843 1046 1902 non-qualitificative
1067 1847 1119 1888 ad
1137 1860 1242 1904 qua-

283 1906 529 1951 lificandam
564 1903 786 1948 Personam
818 1905 927 1948 illud
945 1920 1144 1948 exercere
1162 1910 1241 1950 de-

279 1968 455 2010 bentem
470 1996 483 2014 ‚
500 1967 594 2009 cum
609 1965 741 2009 desint
754 1966 886 2010 verba
902 1969 1156 2023 praeceptiva
1171 1982 1241 2011 ce-

277 2028 476 2070 lebrandi
494 2041 570 2084 per
586 2024 774 2084 seipsum
787 2055 800 2075 ,
830 2030 870 2069 δι
887 2028 1153 2082 prohibitiva
1168 2044 1240 2073 ce-

276 2088 475 2132 lebrandi
493 2102 567 2144 per
584 2088 711 2130 alium
726 2116 740 2137 ‚
757 2098 828 2129 aut
844 2088 925 2129 alia
944 2090 1238 2146 aequipollen-

282 2150 342 2192 tia
368 2178 381 2198 ,
408 2149 608 2207 adeoque
639 2148 919 2205 Cappellania
946 2150 1031 2191 haec
1063 2150 1118 2191 est
1143 2150 1245 2193 sim--

277 2211 380 2268 plex
396 2239 409 2259 ‚
423 2213 463 2253 &
481 2223 565 2253 non
579 2208 865 2252 Sacerdotalis
883 2237 896 2257 ‚
919 2207 1036 2261 juxta
1049 2212 1235 2254 auetori-

280 2282 396 2313 tates
413 2268 601 2327 superius
618 2269 774 2312 relatas
795 2273 835 2317 ς.
861 2269 904 2310 Si
918 2271 1111 2318 verbum3
1138 2273 1236 2330 qui-

276 2331 359 2373 bus
375 2330 490 2373 addo
519 2336 671 2373 Lotter.
701 2332 749 2371 de
764 2345 808 2370 re
825 2330 950 2384 benef:
965 2331 1033 2372 lib.
1053 2345 1092 2372 2.
1107 2347 1148 2388 q.
1161 2347 1234 2385 47.

277 2404 318 2431 n.
336 2404 408 2443 37.
431 2389 827 2447 Pignattell.consult.
845 2404 885 2431 2.
901 2405 1007 2432 num.
1025 2395 1090 2432 16.
1101 2392 1144 2433 in
1151 2394 1235 2448 fin.

276 2463 372 2494 tom.
393 2464 433 2503 7.
452 2480 466 2501 ‚
494 2451 556 2493 ibi
572 2477 613 2486 --
628 2450 803 2512 Qando
834 2450 938 2492 enim
967 2450 1115 2494 dicitur
1128 2453 1236 2509 quod

278 2512 456 2569 eligatur
471 2513 658 2554 Sacerdos
672 2539 685 2560 ‚
709 2510 779 2567 qui
791 2510 934 2569 Miffin
949 2512 1117 2555 celebret
1133 2541 1147 2562 ,
1161 2527 1236 2555 non

281 2573 508 2630 destgnatur
538 2571 721 2627 qualitas
745 2583 819 2626 pro
835 2571 1053 2615 idoneitate
1068 2573 1237 2630 eligendi

271 2633 352 2687 sed
364 2632 544 2688 qualitas
558 2632 733 2675 muneris
746 2632 957 2674 exercendi
971 2660 985 2681 ‚
1016 2632 1068 2677 ὀ·
1092 2633 1237 2676 idcirco

281 2708 358 2735 non
372 2693 596 2750 requiritur
610 2694 776 2750 quodsit
791 2693 886 2735 αὲἶιι
899 2720 912 2742 ,
941 2692 1237 2749 velpotentim:

281 2756 471 2796 Sacerdos
484 2780 525 2789 --
540 2759 631 2796 Rot.
648 2753 762 2806 decifi
782 2755 883 2804 825.
899 2767 1006 2794 num.
1026 2767 1043 2794 1
1055 2768 1094 2795 2.
1106 2770 1237 2797 coram

278 2815 466 2862 Merlin.;
478 2814 526 2858 ὠ·
543 2816 583 2856 in
598 2813 851 2868 Melphicten.
865 2814 1048 2868 Beneficii
1065 2828 1084 2855 2
1094 2821 1135 2856 6.
1150 2815 1237 2876 “Ju-

278 2875 337 2916 nii
358 2889 408 2928 17
420 2888 485 2926 11.
506 2881 544 2924 §.
560 2875 661 2918 Cum
676 2874 777 2916 enim
793 2903 806 2923 ‚
823 2874 872 2918 ὠ·
891 2886 928 2928 ς.
944 2875 1046 2916 Hinc
1061 2891 1237 2918 coram-‚0

273 2935 524 2989 Eminentiss.
547 2936 696 2981 Priolo;
730 2935 780 2978 (θ’
800 2949 820 2974 2
834 2948 869 2976 1.
890 2935 1015 2993 ‘’Junii
1031 2949 1161 2987 1712.
1196 2941 1236 2984 §¹-

276 2997 401 3055 ‘Juris
415 3012 559 3038 coram.
575 3000 624 3039 R.
636 3000 682 3037 P.
696 3001 748 3038 D.
766 2999 957 3037 Lancetta
975 3024 988 3043 ‚
1021 2995 1070 3039 (9-
1085 2996 1127 3038 in
1141 2997 1237 3039 Tri-

276 3057 438 3099 dentina
450 3057 721 3112 Cappellaniae.
741 3067 779 3106 5.
797 3055 944 3111 Aprilis
966 3069 982 3095 1
993 3069 1016 3108 7
1027 3068 1094 3107 15.
1110 3061 1236 3104 §.Ne-

267 3118 420 3170 gotium
436 3133 568 3160 coram
585 3121 743 3159 R.P.D.
762 3122 881 3159 Cerro
898 3133 909 3163 ς
942 3114 993 3160 &³
1008 3122 1230 3159 Cremonen.

276 3178 463 3231 Beneficii
482 3192 524 3231 4.
541 3180 649 3220 Febr.
672 3191 687 3218 1
699 3191 721 3229 7
734 3181 846 3228 15.§.
864 3180 930 3220 Ex
948 3177 1202 3230 instrumento
1221 3206 1236 3228 ‚

274 3249 405 3277 coram
420 3240 550 3279 eodem
563 3238 625 3280 hic
639 3238 808 3297 impreffl

222 3297 272 3337 18
341 3297 600 3341 Nullatenus
616 3311 786 3341 attento
805 3326 819 3347 ‚
845 3299 967 3356 quod
1003 3298 1115 3342 ultra
1141 3314 1238 3342 ver-

274 3357 377 3399 bum
400 3358 590 3399 Sacerdos
621 3360 736 3402 idem
751 3360 974 3403 Fundator
993 3357 1088 3402 usus
1107 3358 1237 3402 fuerit

275 3419 410 3459 etlam
430 3417 564 3458 verbo
578 3419 776 3460 celebrare
796 3436 806 3464 3
837 3422 937 3477 quia
956 3421 1039 3464 hoc
1058 3435 1144 3462 non
1162 3422 1239 3463 ob-

276 3478 410 3519 stante
427 3477 578 3519 'adhuc
599 3479 888 3533 Cappellania
906 3495 992 3522 non
1013 3481 1069 3523 est
1089 3482 1238 3522 Sacer-

276 3538 464 3587 dotalis‚
479 3537 599 3592 juxta
616 3534 780 3579 sensum
798 3538 893 3579 Sac-
909 3542 1236 3598 Congregatio—

706 207 1202 276 Commentaria
1225 207 1306 274 ad
1321 204 1608 297 singulos
1631 189 1935 277 Canones
2013 189 2038 194 Μ

1364 327 1431 368 nis
1449 327 1642 369 Concilii
1671 327 1715 368 in
1742 333 1921 372 Romana
1951 329 2227 372 celebrationis
2250 344 2337 373 20.-

1371 388 1614 430 Novembris
1636 394 1762 440 1674.
1781 390 1851 432 ubi
1869 404 1954 433 non
1969 391 2160 434 obstante
2176 419 2188 440 ‚
2202 393 2321 450 quod

1373 448 1593 491 Fundator
1610 448 1807 492 dixerit--
1817 451 1884 492 che
1899 451 1931 492 il
1943 452 2179 505 cappellano
2191 453 2315 493 debba

1372 508 1458 551 dire
1476 510 1511 550 le
1529 513 1600 553 Me
1630 524 1693 550 ι’--
1708 508 1966 568 Responsum
1983 511 2081 562 fuit,
2099 514 2205 568 quod
2217 517 2322 566 Cap-

1365 570 1546 624 pellonia
1572 585 1647 612 non
1659 574 1721 628 sit
1751 574 2018 615 Sacerdotalis
2032 589 2043 619 5
2074 574 2200 616 Ratio
2235 573 2292 615 est
2307 602 2320 622 ,

1372 632 1473 687 quia
1503 632 1767 675 Fundatores
1813 631 2053 686 hujusmodi
2087 634 2322 690 Cappella-

1345 737 1351 742 ,
1374 692 1534 734 niarum
1566 706 1653 736 non
1677 691 1982 750 praesumuntur
2010 693 2220 751 respicere
2261 695 2317 736 ad

1374 752 1507 800 aliud,
1529 767 1655 811 quam
1668 754 1719 795 ad
1738 755 2076 797 celebrationem
2092 754 2331 804 Miffarum,

1372 815 1413 854 δε
1430 810 1620 870 suffragia
1636 829 1715 875 prxo
1733 829 1879 858 eorum
1897 816 2120 858 animabus
2136 844 2149 864 ‚
2167 817 2322 859 volen-

1372 883 1438 914 tes
1457 871 1620 917 scilicet
1643 889 1751 931 opus
1770 888 1990 933 operatum
2007 905 2020 926 ‚
2049 881 2088 919 &
2108 891 2193 919 nou
2213 891 2319 934 opus

1373 937 1592 989 operantis
1610 963 1622 984 ‚
1660 948 1704 978 ut
1723 937 1909 979 advertit
1926 938 2156 995 Pignattell.
2174 938 2213 978 d.
2230 951 2321 979 con-

1360 994 1509 1047 sulta..
1523 1011 1627 1037 num.
1638 1010 1653 1036 1
1666 1009 1703 1047 ς.
1720 1001 1812 1039 Rot·
1829 998 1968 1051 deciſss
1980 1011 2000 1050 3
2013 1013 2028 1049 5
2040 1000 2121 1054 ‚sub
2131 1011 2262 1040 num.2
2273 1011 2315 1050 7.

1372 1054 1616 1112 &seq-par.
1628 1069 1693 1107 19.
1711 1071 1857 1100 recent.
1875 1059 2070 1116 Ideoque
2092 1059 2322 1115 Cappella-

1317 1129 1367 1168 19
1388 1117 1456 1158 nia
1471 1115 1635 1172 semper
1651 1117 1914 1175 praesumitur
1930 1119 2102 1177 simplex
2117 1149 2130 1169 ‚
2147 1125 2186 1163 δε
2202 1133 2317 1164 ηοω

1371 1178 1660 1221 Sacerdotalis
1675 1207 1688 1227 ,
1709 1179 1808 1229 nisi,
1845 1192 1888 1222 ut
1905 1181 2022 1230 dixi,
2055 1191 2318 1226 concurrant

1371 1238 1503 1281 verba
1517 1265 1557 1272 --
1572 1239 1873 1294 celebretperse
1888 1242 2011 1296 ipfiem
2022 1265 2065 1276 --
2090 1239 2162 1284 seu
2173 1240 2316 1294 injun-

1371 1311 1496 1355 gatur
1525 1314 1633 1342 onus
1660 1301 1932 1358 cappellano
1962 1302 2210 1345 celebrandi
2241 1314 2319 1358 per

1369 1359 1410 1402 se
1431 1389 1443 1400 .
1475 1365 1572 1415 Lap.
1584 1361 1623 1401 d.
1635 1361 1750 1418 alleg.
1755 1377 1777 1416 3
1789 1367 1930 1413 5.Rot.
1945 1363 2317 1416 deciſs747.num.7.

1367 1435 1499 1462 coram
1517 1427 1638 1464 cerro
1654 1451 1666 1471 ,
1679 1421 1729 1466 &⁶
1749 1423 1862 1476 decis.
1887 1438 2075 1476 13.num.
2095 1436 2111 1464 1
2123 1437 2162 1464 2.
2181 1437 2319 1469 ,coram

1367 1481 1516 1530 Bichio,
1537 1481 1710 1536 &deciſs
1734 1485 1804 1535 84.
1817 1499 1922 1527 num.
1940 1499 1983 1535 9.
2007 1499 2139 1528 coram
2155 1482 2284 1526 Priola
2301 1509 2319 1530 ²

1367 1542 1540 1594 &juxta
1569 1541 1860 1591 resolutiones
1889 1544 2315 1604 Sac.Congregatio-

1365 1602 1434 1648 nis
1462 1602 1656 1646 Concilii
1690 1607 1732 1646 in
1758 1605 2029 1648 Mediolanen.
2057 1604 2317 1660 eappeuamae

1367 1676 1388 1703 2
1398 1675 1438 1715 3.
1460 1664 1569 1705 Febr.
1589 1669 1719 1716 1699.
1735 1693 1750 1714 ‚
1766 1666 1816 1710 ὠ·
1829 1667 1872 1708 in
1888 1665 2121 1718 Praenestina
2142 1667 2212 1707 28.
2231 1665 2317 1723 ‘Ju-

1362 1723 1410 1764 lii
1428 1728 1556 1766 1662.
1580 1725 1664 1767 Vel
1682 1738 1955 1770 removeatur
1980 1725 2162 1768 facultas
2191 1725 2313 1768 cele-

1363 1785 1516 1827 brandi
1535 1799 1610 1841 per
1627 1785 1755 1829 alium
1771 1815 1784 1836 ,
1820 1787 1888 1830 vel
1906 1787 1977 1830 ubi
1995 1787 2189 1829 Testator
2205 1784 2317 1839 juffit

1361 1844 1579 1888 celebrare
1594 1843 1736 1888 Missas
1750 1861 1826 1904 per
1843 1847 2120 1890 Sacerdotem
2156 1846 2211 1889 de
2241 1844 2314 1888 sua

1359 1903 1520 1948 familia
1537 1905 1564 1948 si
1584 1908 1681 1950 talis
1697 1909 1932 1964 reperiatur
1948 1908 2158 1951 Sacerdos
2182 1934 2198 1955 2
2227 1905 2318 1949 fill-³·

1359 1968 1497 2009 minus
1530 1964 1748 2011 substituat
1777 1969 2053 2012 Sacerdotem
2072 1968 2127 2010 de
2142 1968 2225 2013 alia
2240 1966 2309 2009 fa-

1359 2027 1494 2076 milia,
1510 2040 1556 2070 ut
1571 2028 1682 2083 apud
1700 2032 1812 2071 Rocc.
1829 2029 1972 2086 disput.
1985 2030 2312 2083 ju‚r.d.cap.190.

1359 2102 1465 2129 num.
1484 2099 1501 2128 1
1514 2101 1552 2128 2.
1581 2089 1632 2132 ὠ·
1636 2089 1726 2146 seq.
1744 2117 1758 2139 ,
1786 2094 1826 2133 &
1844 2091 1888 2134 in
1904 2090 1997 2132 aliis
2016 2089 2177 2132 casibus
2195 2089 2312 2146 apud

1355 2149 1594 2205 Pignattell.
1608 2151 1647 2190 d.
1663 2150 1872 2203 confulta.
1888 2165 1996 2192 num.
2006 2163 2072 2202 14.

1300 2216 1354 2246 20
1417 2210 1514 2251 Nec
1543 2221 1665 2266 urget
1682 2211 1985 2254 animadversio
2001 2239 2015 2260 ‚
2046 2209 2164 2269 quod
2182 2209 2235 2252 ad
2250 2210 2318 2252 di-

1354 2271 1459 2311 Ctam
1500 2270 1825 2325 Cappellaniam
1863 2273 2023 2328 pluries
2067 2267 2312 2327 praesentati

1350 2327 1527 2372 fuerunt
1540 2329 1798 2373 Sacerdotes
1817 2347 1829 2378 ς
1855 2346 1906 2374 ex
1925 2333 1990 2373 his
2021 2333 2132 2373 enim
2149 2331 2312 2375 astibus

1353 2388 1510 2432 deduci
1529 2403 1615 2432 non
1633 2391 1770 2446 potest
1786 2390 2056 2435 observantia
2073 2419 2087 2440 ,
2102 2405 2180 2434 nec
2197 2392 2240 2433 in
2254 2391 2311 2433 li·-

1353 2462 1435 2493 nea
1449 2449 1735 2507 praescriptiva
1754 2481 1768 2501 ,
1798 2453 1935 2495 necin
1952 2453 2065 2495 linea
2094 2453 2317 2508 interpre-

1352 2511 1484 2552 tativa
1500 2528 1513 2558 ς
1527 2525 1612 2553 non
1629 2513 1803 2569 quidem
1820 2514 1864 2555 in
1881 2513 1994 2558 linea
2012 2510 2313 2570 praescriptiva,

1351 2571 1452 2628 quia
1478 2571 1532 2613 ad
1559 2572 1671 2614 hunc
1702 2570 1894 2616 effectum
1912 2575 2145 2631 requiritur
2164 2601 2179 2622 ,
2195 2573 2316 2630 quod

1349 2629 1516 2687 semper
1544 2660 1558 2680 ,
1596 2635 1638 2674 &
1670 2647 1745 2688 per
1762 2636 2045 2676 centenariam
2071 2630 2314 2690 praesentati

1350 2691 1509 2734 fuerint
1526 2692 1783 2737 Sacerdotes
1801 2694 1854 2736 ad
1867 2695 2018 2739 dictam
2034 2693 2310 2751 cappellani-

1352 2767 1418 2795 am
1434 2766 1528 2795 cum
1541 2751 1764 2797 subsecuto
1778 2752 2065 2809 effectu2juxta
2075 2758 2168 2796 Rot.
2178 2752 2221 2794 in
2230 2758 2314 2797 Ba-

1351 2827 1436 2854 ren.
1451 2813 1637 2870 Beneficii
1655 2827 1691 2855 1.
1721 2816 1949 2858 Decembris
1972 2828 2099 2868 1713.
2129 2819 2170 2862 §-
2183 2820 2313 2870 Auge-

1350 2875 1472 2916 batur
1486 2888 1616 2916 coram
1636 2875 1886 2929 Eminentiſss.
1901 2879 2043 2919 Scotto.
2062 2877 2117 2918 Et
2133 2889 2219 2918 non
2234 2872 2314 2918 suf-

1347 2932 1439 2975 ficit
1454 2962 1468 2983 ,
1485 2935 1605 2992 quod
1618 2936 1880 2994 quandoque
1898 2935 2056 2980 fuerint
2071 2933 2310 2994 praesentati

1345 2994 1605 3036 Sacerdotes
1621 3012 1633 3042 3
1665 2996 1766 3053 quia
1781 2997 1864 3039 hoc
1883 3000 2058 3040 evenire
2075 2998 2218 3053 potuit
2234 3009 2311 3053 per

1348 3055 1547 3096 accidens
1565 3084 1578 3104 ,
1611 3055 1805 3099 nimirum
1827 3072 1880 3100 ex
1896 3073 1949 3101 eo
1968 3087 1981 3108 ,
2015 3060 2115 3116 quia
2131 3054 2310 3114 praesen-

1347 3117 1426 3157 tati
1446 3128 1562 3158 erant
1592 3117 1847 3160 Sacerdotes
1880 3133 1954 3176 per
1971 3118 2170 3161 accidens
2186 3144 2201 3166 ‚
2232 3116 2308 3175 qui

1348 3176 1523 3234 quidem
1540 3175 1719 3233 aspirare
1734 3175 1901 3234 possunt
1917 3181 1971 3222 ad
1988 3177 2309 3236 Cappellaniam

1350 3237 1610 3290 Clericalem
1632 3255 1644 3284 ;
1676 3240 1744 3280 vel
1761 3253 1815 3281 ex
1832 3253 1885 3282 eo
1903 3268 1916 3289 ,
1935 3241 2035 3298 quia
2052 3238 2124 3295 ipsi
2145 3239 2187 3278 in
2202 3250 2311 3280 con·

1351 3294 1471 3340 cursu
1500 3299 1770 3341 Clericorum
1792 3329 1805 3349 ,
1834 3298 2005 3343 fuerunt
2032 3301 2083 3342 ab
2101 3295 2310 3354 Episcopo

1353 3358 1563 3415 praeeletfti
1578 3373 1652 3415 per
1671 3361 1778 3401 viam
1796 3359 2185 3416 gratificationi32ut
2201 3359 2314 3414 opti-

1355 3419 1420 3460 me
1451 3423 1543 3461 Rot.
1573 3421 1614 3459 in
1634 3421 1891 3475 Inelphitlen.
1918 3419 2105 3475 Beneficii
2124 3425 2194 3460 26.
2224 3419 2313 3476 ‘Ju-

1360 3477 1418 3520 nii
1441 3493 1456 3519 1
1468 3493 1490 3530 7
1504 3493 1517 3518 1
1533 3494 1568 3520 1.
1585 3486 1621 3527 §.
1637 3482 1714 3522 Sed
1727 3495 1850 3536 neque
1864 3495 1995 3522 coram
2011 3478 2311 3538 Eminentffmo

1365 3540 1494 3581 Priolo
1510 3568 1523 3589 ,
1540 3543 1669 3582 immo
1686 3542 1781 3584 cum
1795 3541 1902 3583 dieta
1919 3540 2203 3598 cappellania
2217 3539 2311 3583 fue-

2256 3612 2311 3641 rit
