2456 3802
388 158 487 220 De
498 120 862 245 jarepgpar.
876 156 946 217 11.
972 160 1130 220 Can.
1147 157 1400 223 xxvfl.
1423 158 1562 223 Cas.
1582 160 1684 223 XI.

112 266 271 310 servitii
290 266 460 323 praestiti
473 266 498 309 a
512 268 738 310 Canonico
752 269 880 309 etiam
894 270 1064 310 nomine

108 326 391 380 coadjutorio'
407 354 420 375 ,
455 338 500 368 ut
515 328 558 368 in
572 325 799 384 Bergomen.
814 329 876 369 die
901 341 916 367 1
931 342 966 368 1.
997 332 1066 368 Fe-

109 386 265 429 br'uarii
300 390 426 436 1696.
442 391 458 435 '‚
489 386 539 429 &¹
568 387 611 426 in
636 387 819 429 Brixien.
839 402 908 440 27.
940 392 1064 429 Mar-

111 449 162 489 tii
184 447 310 499 1683.
330 474 342 494 ‚
376 447 446 488 ubi
465 458 679 502 ponuntur
706 449 749 488 in
785 449 951 490 calculo
967 449 1064 490 anni

113 507 200 549 duo
223 506 503 561 coadjutoriae
519 535 532 554 ,
565 507 614 548 όν
632 506 674 547 in
689 508 912 550 Novarien.
928 522 969 561 4.
986 511 1066 549 Au-

107 567 211 624 gusti
234 572 360 617 1691.
375 594 388 615 ‚
407 567 476 608 ubi
493 568 590 608 anni
606 566 795 626 quinque
817 597 829 609 .

170 624 395 684 Minusque
410 623 648 668 adversatur
665 628 781 685 quod
795 629 847 670 ab
861 642 926 670 an.
938 640 1062 678 1705.

111 684 307 745 usquein
324 685 500 743 praesens
532 687 766 729 obtinuerit
793 689 983 730 Gratiam
1009 689 1062 730 ab

112 748 190 788 hac
215 746 307 788 Sac.
325 749 674 804 Congregatione
702 746 910 790 abeisendi
929 748 951 790 a
967 749 1062 790 Μεί-

111 807 253 849 tutino
272 835 286 856 ‚
312 811 352 850 &
370 808 502 849 Prima
518 835 531 855 ‚
547 807 742 865 adeoque
761 808 845 851 dici
863 823 948 850 non
965 806 1063 865 pos-

109 866 157 908 fit
175 867 292 924 quod
317 867 583 923 integraliter
598 882 671 924 per
689 882 822 911 annos
839 882 909 919 40.
926 867 1057 911 inser-

110 928 266 968 vierint
284 926 488 969 Ecclefiae.
509 927 932 981 Etenim,hujusmodi
955 929 1063 970 Gra-

111 990 172 1029 tia
188 986 268 1028 fuit
284 989 321 1029 ei
337 985 522 1029 concessa
553 1002 602 1029 ex
618 987 737 1030 causa
753 989 977 1032 habitualis
998 991 1062 1030 in-

111 1045 323 1089 firmitatis
340 1063 352 1092 3
382 1050 421 1090 &
436 1049 478 1089 in
496 1049 659 1090 caeteris
676 1050 793 1091 horis
823 1049 984 1106 semper
1000 1046 1063 1090 as-

113 1106 267 1150 fiduam
296 1107 480 1163 praestitit
497 1107 751 1151 affistentiam
772 1140 783 1150 .

56 1179 109 1230 32
138 1174 141 1175 ’
175 1169 227 1210 Et
243 1168 311 1209 hic
325 1178 425 1210 nota
440 1195 454 1217 ‚
473 1168 590 1225 quod
608 1169 824 1212 Indultum
837 1171 1061 1213 iubilatio·

114 1228 179 1270 nis
199 1228 422 1270 obtentum
439 1227 463 1269 a
488 1231 712 1272 Canonico
738 1228 980 1286 suffragatur
997 1232 1061 1273 in-

113 1286 300 1330 distinete
317 1316 330 1336 ‚
359 1288 501 1345 quoad
526 1302 672 1332 omues
706 1290 1021 1333 distributiones
1046 1319 1060 1339 ‚

113 1345 405 1395 utresolutum
424 1346 504 1390 fuit
521 1349 543 1390 a
560 1349 683 1391 Sacra
709 1352 1060 1407 Congregatione

112 1408 305 1452 Concilii
317 1409 485 1465 inBurgi
499 1409 976 1469 S.Donnini⁵Jubilationis
994 1424 1009 1451 1
1020 1424 1059 1460 9.

117 1467 266 1522 Aprilis
289 1480 412 1518 1704.
426 1496 440 1517 ,
458 1469 624 1512 ubicum
641 1468 885 1514 consuetum
895 1472 1063 1527 Jubila-

109 1528 239 1571 tionis
256 1528 470 1571 Indultum
497 1530 728 1573 obtinuerit
765 1531 790 1573 a
807 1531 899 1573 Sac.
932 1534 1058 1575 Con-

116 1590 366 1647 gregatione
400 1589 589 1642 'Ioannes
620 1590 826 1645 Jacobus'
850 1591 1060 1633 Razzinus

114 1650 360 1691 eanonicus
378 1648 843 1693 EcclefiaeCathedralis
855 1650 946 1707 post
959 1665 1062 1708 qua-

109 1708 408 1766 dragenarium
424 1705 637 1751 servitium
654 1712 861 1753 continuo
880 1725 952 1760 ,ac
969 1712 1061 1753 lau-

110 1764 309 1811 dabiliter
327 1769 556 1824 expletum,
573 1771 816 1826 Capitulum
833 1783 972 1813 tamen
988 1800 1001 1820 ‚
1021 1776 1062 1814 &

110 1829 323 1871 Canonici
361 1829 467 1871 illud
507 1831 807 1888 impugnarunt
859 1844 1058 1887 putantes

113 1888 252 1931 eidem
267 1889 452 1931 Razzino
466 1887 676 1948 suffragari
692 1904 775 1933 non
788 1892 943 1933 debere
955 1892 1064 1933 indi-

112 1948 257 1991 stincte
273 1977 287 1997 ‚
321 1949 438 2006 quod
455 1963 600 1992 omnes
628 1950 941 1994 distributiones
958 1981 971 2001 ‚
988 1950 1061 1993 sed

115 2003 333 2051 dumtaxat
352 2010 496 2067 quoad
516 2010 749 2053 ordinarias
763 2041 776 2060 ‚
790 2025 1061 2054 nouantem..-

111 2067 469 2112 extraordinarias
483 2099 496 2118 ,
515 2084 618 2128 quas
633 2072 878 2128 intelligunt
894 2085 964 2114 eas
982 2070 1061 2114 effe

113 2142 206 2186 quae
238 2144 312 2185 pet
335 2130 552 2172 decretum
587 2131 688 2173 bon.
717 2147 841 2175 mem.
867 2130 1062 2188 Episcopi

113 2189 363 2231 Pallavicini
392 2189 455 2232 de·
472 2204 583 2233 anno
605 2196 734 2237 1666.
766 2192 968 2248 affignatae
994 2207 1062 2234 re-

111 2250 332 2306 periuntur
359 2264 436 2305 pro
458 2251 650 2308 qualibet
665 2253 768 2294 hora
789 2254 1062 2301 canonica-‚2

109 2313 149 2352 &
164 2306 503 2353 Intereffentibus
532 2313 696 2355 tantum
715 2312 742 2354 d
756 2312 956 2354 ebentur.
977 2314 1064 2353 Ha-

113 2370 212 2413 bito
230 2370 359 2425 igitur
389 2371 442 2412 ad
456 2371 620 2414 Sacram
637 2373 1062 2428 Congregationem.»

113 2427 280 2473 recursu
292 2444 368 2486 per
381 2431 645 2473 Canonicum
663 2432 891 2474 Razzinum
908 2430 1064 2488 suppli-

114 2490 256 2532 cando
289 2490 496 2532 declarari
513 2504 660 2534 omnes
676 2492 1059 2536 indistinste‘distri-

117 2551 321 2593 butiones
337 2549 408 2592 fibi
421 2550 568 2593 deberi
587 2581 600 2600 ‚
617 2552 883 2596 cum-virtute
897 2551 1059 2610 praefati

115 2610 277 2653 Indulti
302 2610 569 2663 jubilationis
606 2613 650 2653 in
677 2613 873 2655 omnibus
902 2611 1061 2655 censer-i

111 2670 294 2719 debeat,
322 2683 370 2712 ac
385 2669 411 2711 fi
426 2672 524 2714 vere
545 2670 722 2727 praesens
739 2670 840 2715 esset
856 2701 870 2721 ‚
898 2687 944 2716 ac
961 2687 1061 2728 pro-

117 2730 218 2772 inde
233 2729 456 2787 propoiitis
475 2731 616 2773 dubiis
631 2761 642 2772 .

171 2790 314 2833 Primo
343 2807 354 2832 z
385 2792 662 2834 An'Indultum
682 2792 947 2851 ‘Jubilationis
977 2808 1064 2834 con-

115 2849 248 2910 ceffnn
271 2851 460 2895 Razzino
466 2851 541 2904 sub
570 2852 632 2894 die
654 2866 722 2902 29.
754 2853 903 2908 Aprilis
936 2866 1062 2903 1702.

104 2909 352 2968 sufflagetur
374 2924 448 2966 pro
460 2911 766 2967 participatione
791 2913 956 2955 omnium
963 2913 1063 2967 fru-

115 2970 276 3019 fluum,
305 2970 354 3014 ὰ
386 2971 699 3023 distributionum
727 2974 846 3016 etiam
872 2985 1065 3025 extra0r7

114 3030 364 3072 dinariarum
377 3059 391 3080 ‚
404 3031 453 3074 (α’
468 3044 740 3075 contentarum
753 3034 795 3075 in
810 3034 962 3075 decreto
979 3034 1064 3075 bon.

114 3106 228 3133 mem.
246 3090 415 3146 Episcopi
427 3092 671 3135 pallavicini
686 3110 698 3140 5
728 3092 778 3136 ὠ*
793 3104 986 3150 quatenus
1001 3093 1067 3148 af-

101 3152 325 3208 firmative*
345 3180 356 3191 .
535 3164 557 3188 .’

175 3212 371 3254 Secundo
392 3229 403 3253 =
428 3216 488 3254 An
504 3213 571 3254 dd.
594 3212 884 3266 distributiones
899 3213 1068 3254 veniant

107 3284 182 3327 per
194 3271 403 3315 Canonicos
427 3272 671 3326 restituenda
686 3274 712 3314 ci
732 3273 795 3314 die
808 3273 986 3317 intimati
1002 3277 1069 3314 In-

114 3331 219 3373 du'lti
247 3363 259 3374 .
287 3331 541 3390 Responsum
568 3331 647 3375 fuit
681 3351 691 3375 t
734 3333 987 3388 Affirmative
1015 3334 1071 3375 ad

117 3402 328 3449 utrumque
351 3423 363 3435 .

0 3465 1 3469 ¹
63 3465 115 3507 33
167 3449 607 3513 Respondeoquarto
625 3485 635 3497 .
656 3455 699 3496 Si
714 3457 962 3499 eanonicus
983 3467 1068 3498 non

158 3543 161 3547 >
180 3517 287 3555 Pars
302 3516 356 3555 II.

1997 188 2020 246 5
2039 187 2119 257 29

1188 267 1389 324 resideat,
1407 282 1485 311 nec
1502 271 1664 313 interfit
1682 270 1852 312 Divinis
1869 270 2028 314 Officiis
2047 302 2059 321 ‚
2079 276 2134 316 οὸ

1192 330 1292 385 quia
1308 328 1355 369 fit
1373 343 1612 372 carceratus
1629 331 1775 383 injuste
1791 358 1804 378 ,
1819 332 2011 373 exulatus
2028 335 2138 385 inju-

1198 391 1271 437 ste,
1286 391 1694 440 excommunicatus,
1713 403 1782 432 aut
1798 390 2012 448 suspensus
2031 395 2137 445 inju-

1195 448 1251 490 ste
1267 477 1280 497 ‚
1306 449 1508 491 detentus
1527 453 1696 505 pervim
1719 452 1771 493 ab
1784 453 1953 508 aliquo,
1975 465 2018 493 ut
2036 469 2136 508 pro-

1193 520 1338 563 pterea
1356 522 1439 551 non
1459 510 1579 564 poffit
1610 512 1653 552 in
1681 511 1863 555 Ecclesia
1881 514 2046 554 Divinis
2072 516 2137 555 in-

1193 565 1342 610 tereffe
1359 567 1524 617 officiis,
1543 584 1628 612 non
1645 573 1800 612 amittit
1813 571 2134 615 distributiones

1193 628 1481 685 quotidianas,
1499 627 1571 670 sed
1590 630 1688 671 dum
1704 631 1862 686 pendet
1879 633 2047 687 quaestio
2065 632 2132 674 su-

1190 697 1267 745 per
1282 688 1433 740 justitia
1449 718 1461 737 ,
1496 690 1564 731 vel
1580 690 1777 743 injustitia
1803 694 2101 734 carcerationis
2117 722 2130 740 ‚

1193 749 1312 790 exilii
1327 753 1405 791 &c.
1423 749 1554 792 debet
1568 763 1713 806 petere
1732 750 1902 799 fructus,
1920 755 1959 793 &
1980 752 2135 793 reddi-

1192 820 1259 850 tus
1278 807 1531 859 conservari,
1549 823 1593 851 ut
1610 812 1792 853 constito
1810 813 1863 853 de
1881 811 2100 863 injustitias
2116 840 2130 860 ‚

1192 869 1459 912 restituantur
1479 870 1549 926 ipfi
1568 870 1778 918 absolut03
1798 872 2003 915 Cumhoc
2021 870 2132 914 diffi-

1191 929 1314 970 cilius
1332 929 1422 971 fieri
1453 931 1570 985 poffit
1599 930 1801 973 fruCtibus
1829 933 1908 983 jam
1938 932 2131 974 conium-

1189 989 1273 1044 ptis
1291 1019 1302 1030 .
1321 990 1518 1045 Intellige
1532 1005 1688 1038 tamen,
1706 991 1732 1032 fi
1750 1004 1871 1033 antea
1888 990 2132 1044 hujusmodi

1193 1050 1437 1092 Canonicus
1467 1048 1615 1093 solitus
1640 1064 1728 1093 erat
1746 1051 2016 1109 frequentare
2028 1054 2131 1094 cho-

1190 1122 1279 1150 rum
1297 1139 1309 1158 ,
1326 1114 1364 1152 &
1385 1112 1552 1152 Divinis
1571 1110 1764 1153 interesse
1781 1141 1792 1151 .
1826 1114 2010 1153 Monach.
2037 1115 2078 1151 in
2093 1114 2132 1152 d.

1188 1183 1272 1222 cap.
1290 1171 1508 1222 consuetud.
1539 1173 1586 1212 de
1606 1172 1744 1214 Cleric.
1759 1188 1832 1213 non
1848 1174 2011 1226 residen.
2028 1172 2070 1212 in
2089 1178 2132 1214 6.

1189 1242 1319 1272 nnm.2
1331 1243 1370 1272 2.
1386 1233 1605 1283 Barboſsad
1618 1234 1757 1273 Concil.
1779 1232 1967 1286 ubisiepra
1983 1249 2020 1273 n.
2032 1246 2046 1272 1
2057 1248 2080 1272 0
2093 1245 2128 1273 1.

1132 1288 1366 1345 34&fiqq.
1396 1290 1567 1347 Insuper
1595 1306 1670 1333 nec
1696 1295 1851 1335 amittit
1871 1293 2132 1334 distributim-

1190 1362 1263 1390 nes
1284 1349 1311 1391 fi
1327 1350 1372 1391 fit
1390 1351 1535 1403 injuste
1553 1353 1785 1408 impeditus
1803 1382 1815 1401 ‚
1844 1357 1882 1395 &
1900 1353 1945 1394 fit
1968 1352 2132 1395 violen-

1188 1420 1252 1451 ter
1274 1409 1513 1466 aCapitulo
1530 1410 1723 1468 expulsus
1742 1413 1764 1454 a
1782 1410 2024 1467 posseffione
2044 1413 2131 1454 Ca-

1188 1469 1414 1512 nonicatus
1430 1500 1442 1519 ‚
1470 1470 1541 1513 sed
1564 1473 1808 1527 Capitulum
1825 1484 1994 1514 tenetur
2013 1474 2130 1515 rein-

1186 1531 1406 1588 tegrari‚&
1421 1531 1633 1574 restituere
1653 1533 1878 1576 Canonico
1895 1533 2035 1574 taliter
2052 1533 2132 1574 im·-

1186 1590 1501 1645 pedito‘omnes
1525 1591 1706 1639 fruetus,
1741 1597 1780 1636 δε
1810 1593 2127 1636 distributiones

1187 1650 1446 1705 perceptas-a
1465 1653 1534 1693 die
1551 1650 1800 1707 expulfionis
1818 1653 1840 1695 a
1857 1650 2097 1709 poffeffione
2113 1680 2127 1701 ,

1187 1722 1260 1752 aut
1276 1711 1440 1765 praestiti
1474 1712 1763 1767 impedimenti
1797 1714 1839 1754 in
1859 1711 2132 1769 adipiscenda

1184 1768 1430 1825 poffeffione
1458 1800 1472 1819 ‚
1503 1786 1594 1829 quae
1617 1773 1660 1815 in
1687 1772 1832 1815 odium
1858 1772 2129 1828 impedientis

1187 1831 1366 1872 habetur
1382 1846 1459 1886 pro
1475 1844 1609 1887 capta.
1621 1832 1790 1873 Gonzal.
1811 1833 1865 1873 ad
1878 1835 2005 1888 reg.8.
2024 1836 2131 1874 Can-

1187 1890 1270 1930 cell.
1291 1894 1375 1940 §.7.
1384 1903 1542 1945 prooem.
1558 1893 1664 1945 vers
1683 1892 1731 1934 ὠ*
1747 1893 1819 1932 haec
1835 1892 1976 1947 quinta
1993 1920 2006 1940 ,
2034 1895 2128 1932 Rot.

1190 1950 1271 1991 dec.
1282 1964 1297 1990 1
1308 1963 1378 2001 73.
1393 1966 1431 1991 n.
1442 1965 1476 1991 1.
1490 1965 1622 1992 coram
1640 1957 1764 2009 Royas
1778 1980 1790 1991 .
2104 1981 2105 1984 =

1132 2022 1183 2063 35
1250 2011 1360 2063 Qia
1388 2011 1480 2053 cum
1506 2010 1633 2053 causa.
1654 2026 1737 2054 non
1764 2010 1969 2054 residendi
2002 2010 2131 2053 fuerit

1189 2070 1539 2126 impedimentum
1559 2072 1713 2125 ,injuste
1731 2072 1952 2128 praestitum
1984 2070 2007 2113 a
2044 2073 2131 2113 Ca-

1178 2131 1327 2187 pitulo
1357 2148 1368 2177 ς
1398 2132 1494 2175 hinc
1511 2132 1754 2189 Capitulum
1773 2147 1855 2174 non
1877 2144 2046 2188 poterat
2063 2131 2131 2174 di-

1188 2190 1458 2234 stributiones
1473 2191 1544 2234 fibi
1562 2192 1729 2248 metipsi
1746 2192 1984 2245 adjudicare
2014 2220 2027 2240 ,
2055 2192 2127 2233 vel

1188 2251 1231 2291 in
1249 2250 1389 2294 causas
1405 2251 1478 2295 fibi
1491 2253 1603 2294 bene
1622 2250 1729 2294 visas
1745 2267 1938 2309 erogare,
1955 2249 2026 2293 sed
2044 2252 2127 2294 illae

1186 2309 1369 2366 spectare
1395 2312 1557 2355 debent
1574 2313 1627 2354 ad
1655 2314 1919 2356 Canonicum
1942 2314 2129 2354 ratione)

1187 2370 1282 2413 talis
1296 2373 1587 2428 impedimenti
1602 2372 1813 2415 absentem
1831 2401 1843 2420 ,
1861 2374 1935 2429 qui
1954 2371 2053 2413 ficut
2067 2371 2129 2422 ja-

1185 2433 1338 2473 &uram
1356 2433 1694 2475 distributionum
1713 2429 1845 2488 passus
1873 2431 1954 2474 fuit
1981 2445 2032 2472 ex
2062 2430 2128 2472 fa·-

1186 2493 1254 2534 ἂο
1271 2493 1462 2547 Capituli
1479 2521 1492 2541 ,
1519 2492 1578 2533 ita
1593 2493 1781 2549 aequitati
1800 2488 2130 2534 consentaneum

1173 2551 1259 2598 est,
1278 2562 1319 2591 ut
1339 2552 1389 2592 ab
1406 2552 1561 2594 eodem
1577 2551 1781 2607 Capitulo
1801 2551 1946 2594 damni⁴
1961 2563 2131 2606 repara-

1188 2612 1348 2653 tionem
1380 2611 1612 2669 assequatur
1627 2640 1638 2651 .
1675 2616 1763 2652 Rot.
1780 2609 1821 2652 in
1836 2610 2030 2652 Bovinen.
2048 2612 2129 2650 Ar-

1190 2670 1477 2713 ‘chidiaconatus
1493 2673 1614 2725 super
1633 2670 1838 2724 fruc‘libus
1877 2684 1946 2720 29.
1974 2668 2129 2712 Martii

1194 2743 1244 2782 17
1257 2743 1320 2780 15.
1343 2736 1381 2778 §.
1401 2730 1635 2784 Resblutioni
1659 2744 1788 2771 coram
1818 2729 2129 2782 Eminentissitno

1172 2792 1338 2839 Scotto,
1353 2795 1392 2833 δε
1409 2793 1451 2833 in
1473 2792 1539 2833 his
1554 2790 1729 2848 praecifis
1749 2791 1939 2833 terminis
1958 2790 2129 2831 eadem-.-

1189 2853 1280 2892 Rot.
1308 2850 1348 2891 in
1374 2851 1643 2894 Vvormatien.
1661 2856 1889 2892 Decanatus
1905 2848 2128 2904 superfru-

1192 2910 1318 2953 Hibus
1336 2916 1404 2951 26.
1420 2913 1529 2953 Febr.
1553 2924 1680 2963 1717.
1710 2915 1749 2958 §.
1775 2911 1923 2966 Absque
1955 2924 1995 2951 eo
2024 2909 2131 2964 quod

1191 2986 1318 3012 coram
1330 2976 1481 3014 R.P.D.
1499 2972 1630 3027 Crispo
1645 3001 1656 3012 .

1135 3035 1192 3082 36
1253 3029 1505 3087 Respondeo
1521 3032 1672 3090 quinto
1688 3060 1699 3071 .
1715 3032 1758 3072 Si
1776 3030 2021 3073 eanonicus
2041 3042 2126 3071 non

1193 3090 1385 3139 resideat,
1404 3105 1480 3134 nec
1497 3091 1658 3134 interfit
1674 3092 1843 3134 Divinis
1859 3089 2019 3132 Officiis
2037 3118 2051 3138 ,
2073 3089 2127 3132 eo

1193 3152 1292 3209 quia
1304 3150 1349 3192 fit
1364 3149 1512 3193 absens
1530 3165 1581 3194 ex
1592 3152 1837 3210 privilegio,
1854 3150 1924 3193 vel
1942 3165 2016 3205 pro
2036 3150 2130 3191 evi-

1191 3212 1308 3253 denti
1321 3211 1510 3254 Ecclefiae
1527 3213 1707 3253 utilitate
1725 3240 1738 3259 ,
1756 3212 1825 3253 vel
1841 3212 1897 3253 εὸ
1910 3211 2010 3268 quia
2026 3207 2127 3253 adsit

1192 3271 1403 3313 neceffitas
1415 3273 1642 3314 recedendi
1658 3301 1671 3319 ,
1700 3269 1770 3313 seu
1788 3285 1872 3314 non
1885 3267 2129 3312 interessen-

1192 3333 1236 3373 di
1254 3332 1422 3374 Divinis
1439 3331 1596 3375 Officiis
1612 3362 1624 3380 ,
1647 3333 1837 3373 nimirum
1853 3345 1904 3372 ex
1921 3327 2042 3373 causa
2056 3342 2129 3383 pe-

1192 3393 1260 3434 stis
1277 3420 1289 3439 ,
1308 3404 1377 3432 aut
1394 3393 1634 3434 hostilitatis
1649 3421 1661 3439 ‚
1690 3404 1759 3433 aut
1775 3392 1900 3434 etiam
1915 3405 1964 3432 ex
1983 3385 2125 3431 causa„

1133 3464 1188 3505 37
1207 3464 1472 3496 terraemotus
1491 3467 1576 3496 non
1592 3453 1763 3500 amittit,
1779 3450 1848 3494 sed
1864 3446 2128 3547 Ιυεταωταάξ-

1660 3514 1735 3553 Xx
1748 3526 1775 3554 x
2073 3519 2123 3546 ΙΨ
