2502 3848
386 182 512 244 218

380 293 619 336 damentale
663 290 895 347 quidquam
924 287 1123 345 exigendi
1158 289 1201 329 in
1231 291 1322 330 ac‘tu

379 352 712 410 praesentationis
730 379 743 398 .,
770 351 869 407 quia
885 347 1125 401 hujusmodi
1142 345 1321 390 consue-

382 415 601 461 tudinem,
630 415 666 454 &
684 411 846 452 Statuta
875 420 1072 465 tanquam
1100 421 1253 463 prava,
1279 411 1321 450 &

380 475 534 515 illicita
565 470 656 513 sunt
684 471 910 526 reprobata
938 481 1026 510 tum
1058 482 1132 524 per
1160 467 1323 511 Conci-

381 536 483 577 lium
505 528 1017 586 T1·identi11umstffi24.de
1033 527 1321 582 reform-c.14.,

383 606 470 636 tum
489 594 614 641 etiam
639 604 710 646 per
743 589 1099 634 constitutionem
1128 588 1168 629 S.
1186 588 1250 628 Pii
1266 587 1319 628 V.

383 655 423 695 Ia
448 665 542 703 104.
557 652 756 707 incipien.
782 654 934 691 Durum
949 648 1089 695 nimis,
1121 647 1175 689 de
1209 660 1318 704 qua.»

381 714 535 757 Bullar.
551 727 644 752 nov.
659 722 751 752 tom.
767 722 804 748 2.
821 737 834 756 ,
854 708 1012 750 Bellett.
1026 707 1215 765 disquifit.
1231 706 1320 748 Cle-

380 773 451 814 ric.
467 785 603 826 parua.
622 775 686 821 §.3
697 774 736 811 6.
752 767 1024 823 n.23.&seq.

439 834 517 872 His
537 833 669 872 tribus
688 828 843 871 casibus
875 826 1074 869 distinctis
1091 855 1104 874 ‚
1138 839 1216 868 nos
1246 826 1318 868 hic

380 888 589 935 versamur
620 891 663 931 in
688 892 815 930 tertio
839 884 932 929 casu
948 914 963 935 ‚
992 885 1090 927 dum
1109 887 1316 928 Patronus

377 950 571 1008 praefatus
598 962 682 990 non
716 949 771 990 est
800 948 923 1002 inops
941 974 954 994 ‚
983 950 1021 989 &
1049 942 1315 1002 praesentavit

376 1013 537 1053 Titium
554 1014 692 1065 pacto,
710 1013 749 1050 &
763 1007 1014 1050 conditione
1027 1033 1041 1054 ‚
1058 1018 1103 1047 ut
1120 1007 1159 1047 ei
1175 1004 1315 1049 solve-

376 1084 441 1113 ret
458 1083 612 1112 certam
631 1067 868 1124 pensionem
886 1066 1046 1123 pure,&
1060 1065 1317 1122 fimpliciter,

376 1129 534 1188 absque
553 1126 834 1170 reservatione
860 1125 1115 1181 beneplaciti
1133 1126 1317 1183 Aposto-

323 1206 374 1233 10
390 1193 459 1233 lici
475 1220 488 1239 ,
519 1204 565 1231 ac
587 1189 765 1244 proinde
786 1187 874 1240 ejus
893 1184 1155 1242 praesentatio
1174 1186 1252 1228 crit
1267 1185 1317 1228 fi-

309 1246 312 1250 ’
375 1252 583 1295 moniaca,
602 1248 715 1289 sicuti
732 1244 831 1288 esset
846 1246 1083 1294 simoniaca,
1101 1245 1127 1288 fi
1142 1244 1317 1302 praesen-

373 1308 490 1352 tasset
511 1308 704 1350 eumdem
724 1309 883 1349 Titium
899 1321 953 1348 eo
969 1312 1088 1363 pacto
1102 1335 1115 1354 ,
1142 1319 1187 1348 ut
1206 1303 1314 1362 ipse)

374 1372 476 1413 loco
512 1367 717 1425 pensionis
746 1379 962 1409 teneretur
994 1367 1151 1408 docere
1177 1379 1315 1424 gram-

375 1432 569 1475 maticam
598 1428 686 1480 ejus
710 1426 822 1470 filios
859 1455 871 1475 ‚
900 1439 970 1468 aut
1000 1439 1179 1482 nepotes
1201 1454 1215 1475 ‚
1245 1438 1316 1468 aut

377 1493 502 1537 alios,
518 1490 586 1531 vel
602 1501 746 1529 curare
763 1485 975 1535 infirmos,
994 1488 1088 1529 cum
1104 1485 1154 1528 fic
1167 1488 1315 1529 Patro-

378 1565 456 1592 nus
485 1563 561 1605 pro
595 1545 794 1604 spirituali
829 1548 1019 1605 exigeret
1047 1547 1285 1604 temporale
1300 1575 1314 1587 .

378 1610 546 1654 Gonzal.
563 1608 604 1649 in
617 1621 698 1661 cap.
718 1608 955 1662 Insinuatum
969 1608 1255 1661 defimenda-8.

327 1685 344 1713 1
358 1685 374 1713 1
439 1671 543 1711 Nou
560 1668 721 1710 obstant
739 1696 753 1715 ,
778 1681 868 1725 quae
887 1665 1072 1721 superius
1089 1668 1130 1709 in
1146 1679 1316 1709 contra-

381 1729 488 1773 rium
507 1744 583 1785 pro
601 1729 764 1770 ratione
784 1726 1006 1768 dubitandi
1022 1724 1315 1775 afferebantur,

378 1790 479 1831 dum
497 1787 687 1831 absolute
709 1801 792 1830 non
811 1786 1008 1835 subiistit,
1038 1788 1155 1844 quod
1174 1786 1200 1827 fi
1220 1802 1317 1843 pen-

379 1849 438 1891 fio
460 1851 501 1890 in
515 1852 676 1904 pastum
708 1848 885 1890 deducta
902 1848 924 1887 a
941 1848 1127 1890 Patrono
1154 1848 1196 1888 in
1226 1852 1317 1890 actu

378 1906 708 1965 praesentationis
725 1907 772 1948 lit
788 1907 945 1948 modici
964 1908 1133 1955 valoris,
1146 1905 1319 1962 praesen-

379 1971 484 2010 tatio
504 1983 586 2009 non
606 1968 650 2010 fit
668 1967 885 2008 fimoniaca
919 1982 930 2011 3
967 1968 1318 2023 Distinguendum

379 2030 436 2071 cst
453 2029 562 2069 enim
582 2056 595 2076 ,
612 2041 682 2070 aut
701 2026 841 2082 penlio
858 2030 900 2068 in
927 2030 1087 2082 paetum
1117 2028 1320 2070 deducta..-

381 2089 542 2131 modici
560 2089 713 2130 valoris
731 2088 950 2135 ,nimirum
966 2089 1087 2128 unius
1107 2088 1317 2135 candelae,

378 2160 448 2189 aut
478 2149 648 2189 alterius
680 2149 819 2188 tenuis
849 2144 1009 2187 summae
1038 2148 1218 2189 debetur
1244 2150 1320 2189 Pa-

381 2220 510 2249 trono
530 2208 691 2261 exlege
709 2205 996 2251 fundationis3
1028 2210 1066 2249 δε
1097 2219 1198 2249 tunc
1223 2222 1320 2264 pro..

379 2268 496 2308 cedit
514 2294 527 2314 ,
561 2267 676 2324 quod
695 2264 959 2319 praesentatio
991 2265 1096 2309 faeta
1123 2281 1215 2308 cum
1243 2268 1320 2309 tali

379 2329 502 2384 paCto
521 2340 604 2368 non
622 2325 666 2365 fit
684 2325 931 2374 simoniaca,
954 2328 1052 2384 quia
1069 2324 1167 2368 esset
1181 2328 1320 2369 dedu-

381 2389 489 2428 Ctum
506 2387 545 2427 in
558 2390 717 2441 pactum
735 2386 805 2433 id·‚
831 2385 947 2442 quod
959 2388 1013 2427 de
1028 2387 1118 2438 jure
1133 2389 1320 2430 Patrono

381 2446 581 2487 debetur.
618 2447 705 2486 Aut
723 2459 808 2487 non
826 2446 1004 2488 debetur
1033 2460 1083 2488 ex
1115 2448 1211 2502 lege
1227 2447 1322 2489 fun-

381 2507 584 2552 dationis,
601 2503 670 2546 sed
689 2506 741 2546 de
757 2518 870 2548 novo
885 2506 1113 2561 imponitur
1131 2507 1153 2547 a
1173 2509 1319 2549 Patro-

383 2579 439 2607 no
455 2567 497 2606 in
512 2569 601 2608 actu
620 2562 969 2619 praesentationis,
982 2570 1021 2608 ὅ(
1036 2565 1259 2608 deducitur
1274 2569 1319 2610 in

381 2628 543 2680 pastum
571 2653 584 2672 ,
615 2629 652 2666 δε
672 2638 771 2666 tune
787 2626 910 2666 etiam
931 2624 956 2666 fi
973 2625 1017 2666 iit
1032 2626 1188 2668 modici
1205 2628 1321 2679 valo-

381 2685 438 2726 ris
456 2713 469 2732 ,
497 2685 632 2726 adhuc
652 2682 912 2739 praesentatio
927 2684 1031 2727 fiusta
1045 2700 1140 2729 cum
1158 2688 1231 2728 tali
1247 2700 1322 2742 pa-

380 2748 446 2787 &o
462 2745 517 2785 est
530 2743 750 2787 simoniaca
764 2771 776 2791 ‚
793 2745 890 2786 dum
906 2745 1074 2787 simonia
1090 2759 1174 2788 non
1186 2745 1319 2791 solum

382 2805 662 2845 committitur
678 2804 719 2846 in
739 2805 898 2858 magnis
915 2833 928 2853 ,
946 2803 1017 2846 sed
1030 2805 1154 2847 etiam
1171 2807 1213 2848 iu
1231 2821 1321 2863 par-

381 2864 461 2910 vis,
478 2865 731 2920 ubicumque
747 2865 986 2919 apparet-de
1001 2866 1240 2908 intentione
1252 2896 1264 2915 ‚
1279 2871 1321 2911 &

385 2922 436 2962 de
456 2924 706 2975 praecedenti
722 2925 906 2978 pactmac
918 2925 1320 2981 conventione2jux-

381 2993 424 3021 ta
441 2980 561 3022 Text.
577 2982 617 3021 in
635 2993 717 3035 cap.
738 2982 903 3039 Judt'ces
920 2986 971 3023 II.
1003 2985 1130 3038 quaest.
1155 2999 1189 3025 1.
1202 3014 1215 3034 ,
1246 2988 1318 3029 ubi

380 3052 498 3095 patet
515 3044 702 3099 quinque
718 3042 871 3083 obulos
905 3042 1115 3085 simoniam
1145 3047 1322 3090 induce-

381 3112 442 3146 re,
458 3099 558 3142 &in
575 3114 659 3154 cap.
673 3115 726 3141 ex
740 3113 813 3141 tuae
828 3102 1017 3155 desimon.
1034 3132 1048 3153 ‚
1077 3106 1146 3147 ubi
1180 3108 1233 3147 de
1249 3104 1319 3150 sex

379 3155 526 3199 solidis
543 3160 710 3201 Gonzal.
727 3160 767 3199 in
779 3174 859 3215 cap.
871 3176 904 3203 1.
920 3165 1107 3218 desimon.
1123 3166 1209 3207 n.8.
1226 3171 1322 3208 Lot-

380 3227 458 3258 ter.
475 3218 520 3257 de
533 3233 576 3257 re
592 3219 716 3271 benef:
730 3221 840 3273 lib.3.
856 3236 923 3276 q.2
935 3237 973 3271 9.
986 3227 1100 3271 n.98.
1115 3224 1262 3280 &fiq.

326 3279 372 3312 12
442 3276 597 3318 Paritas
613 3291 750 3320 autem
779 3278 962 3337 superius
995 3284 1174 3325 deducta
1207 3299 1322 3328 non,

380 3333 510 3376 officit
525 3363 537 3382 ‚
552 3339 649 3393 quia
668 3338 874 3382 Sacerdos
892 3343 1042 3398 recipit
1059 3346 1320 3399 pecuniam„

380 3406 426 3435 ut
448 3395 634 3438 celebret
655 3398 811 3439 Divina
833 3414 917 3442 non
939 3402 980 3441 in
1005 3404 1181 3457 pretium
1200 3405 1323 3447 Divi-

384 3466 548 3504 norum,
562 3453 685 3498 sedin
701 3459 1130 3517 recompensationem
1145 3463 1323 3514 laboris,

692 252 695 256 .
754 171 1241 241 Commentaria
1283 170 1364 237 ad
1398 168 1678 258 singulos
1708 175 2006 237 Canones

1435 287 1543 328 itaut
1560 284 1886 341 videturpotius
1914 298 2065 341 operas
2080 284 2172 330 suas
2190 286 2354 331 locare,
2368 318 2382 338 ‚

1435 346 1552 400 juxta
1576 347 1692 402 gloss.
1716 346 1760 386 in
1777 345 2139 402 cap.stgnificatum
2160 349 2206 389 de
2214 350 2379 402 praeben.

1436 405 1485 449 όν
1502 406 1644 462 dignit.
1661 407 1774 446 verb.
1789 409 1855 447 Ita
1871 407 1977 460 quod
1999 434 2011 446 .
2045 406 2276 464 Episcopus
2301 423 2380 465 po·

1436 470 1513 509 test
1529 467 1744 509 remittere
1769 466 1856 518 jura
1872 464 2052 523 Episcop
2081 467 2136 509 lia
2153 482 2230 523 pro
2247 482 2383 512 annua.

1437 525 1636 582 pensione
1655 525 1811 583 absque
1829 525 1999 568 simonia
2017 554 2031 575 ‚
2089 541 2263 571 annuam
2279 543 2383 585 pen-

1439 585 1596 628 sionem
1617 599 1703 644 non
1721 587 1901 629 deducat
1915 586 1958 628 in
1972 589 2134 644 pactum
2150 615 2164 636 ,
2192 592 2233 631 δε
2262 602 2382 631 earn-2

1440 659 1527 689 non
1555 646 1757 702 percipiat
1798 657 1973 702 propter
2004 648 2193 704 aliquam
2218 661 2384 691 recom-

1436 703 1727 763 pensationem
1740 734 1752 754 ,
1769 703 1841 747 sed
1860 705 2004 761 potius
2021 709 2063 749 in
2078 707 2235 765 iignum
2247 707 2384 759 subje-

1438 766 1521 808 &io
1528 767 1607 813 nis,
1622 778 1667 807 ut
1682 767 1724 807 in
1739 767 1779 806 d.
1796 766 2135 819 cap-Constitutus,
2149 767 2278 822 ibique
2283 768 2382 824 glos.

1439 826 1556 868 verb.
1571 825 1971 880 Recompensationem
1986 855 1997 867 .
2026 829 2080 870 Et
2093 828 2382 871 Abbreviato·

1437 899 1504 927 res
1518 913 1531 933 ,
1550 899 1603 943 *ac
1623 886 1917 927 Plumbatores
1936 887 2112 943 exigunt
2127 889 2384 944 pecuniam-³

1438 959 1516 1002 pro
1536 945 1743 1001 stipendio
1770 945 1932 1001 proprii
1963 947 2122 990 laboris
2144 976 2157 997 ,
2191 961 2275 990 non
2304 958 2382 1004 pro

1437 1005 1578 1061 pretio
1594 1004 1717 1061 ipsius
1732 1004 2073 1051 confirmationis
2088 1035 2101 1048 .
2130 1008 2255 1052 Unde
2272 1009 2383 1065 pari-

1442 1076 1506 1107 tas
1522 1065 1610 1108 haec
1627 1065 1775 1122 potius
1789 1077 2064 1124 retorquetur
2078 1095 2091 1108 .

1551 1165 2215 1217 ARGUMENTUM.

1381 1259 1458 1310 An
1472 1257 1556 1322 Jus
1575 1252 1836 1306 nominandi
1864 1256 1919 1304 ad
1939 1255 2218 1305 Beneficium
2234 1258 2386 1306 Eccle-

1453 1326 1664 1376 siasticum
1680 1326 1831 1375 donari
1848 1326 1981 1392 poffit
2008 1326 2182 1393 Sponso
2204 1327 2251 1375 in
2268 1330 2386 1395 capi-

1454 1398 1556 1445 tulis
1586 1398 1982 1446 matrimonialibus
2011 1396 2176 1464 absque
2206 1397 2304 1446 labe
2333 1397 2387 1447 fi-

1455 1469 1617 1516 moniae
1644 1467 1662 1519 Ξ

1579 1573 2194 1617 SUMMARIUM.

1419 1668 1437 1696 1
1472 1655 1789 1715 ‘Jqspatronatus
1804 1653 2098 1696 hareditarium
2114 1651 2388 1709 donaripotest
2448 1640 2452 1651 ’

1507 1715 1534 1755 d
1561 1718 1733 1755 Patrono
1743 1742 1754 1753 .

1417 1788 1439 1815 2
1473 1773 1646 1818 Donatio
1666 1773 2008 1828 jurispatronatus
2037 1774 2205 1816 dedum
2243 1772 2285 1814 in
2313 1785 2389 1828 pa-

1499 1836 1607 1877 ilum
1622 1833 1866 1875 matrimonii
1883 1849 1970 1875 cum
1973 1833 2110 1887 sponso
2122 1862 2136 1882 ‚
2155 1834 2298 1875 adeone
2312 1833 2390 1875 ali-

1501 1906 1566 1937 ter
1585 1895 1660 1948 ipse
1675 1907 1748 1935 non
1761 1894 2029 1952 contraxiffi-t,
2040 1891 2362 1949 eflsimoniacae„
2373 1921 2388 1944 ,

1487 1956 1602 2009 secus
1606 1957 1655 2010 si
1660 1955 1741 1997 tale
1746 1953 1909 2008 paHum
1919 1967 1993 1995 non
2006 1952 2212 2012 intercefflt
2227 1981 2240 1993 .

1673 2065 1969 2112 CASUS
2045 2067 2098 2108 V.

1385 2150 1580 2266 CUm
1604 2150 1924 2192 celebrarentur
1943 2149 2134 2207 quaedam
2155 2145 2358 2206 sponsalia
2372 2175 2387 2196 ,

1521 2206 1691 2267 sponsus
1712 2210 1753 2251 in
1780 2210 1976 2266 capitulis
2009 2208 2387 2251 matrimonialibus

1443 2271 1620 2313 donavit
1639 2266 1792 2325 sponsa:
1813 2284 1904 2314 cum
1929 2270 2179 2313 auctoritate
2207 2268 2389 2310 Ordina⁴

1444 2332 1496 2373 rii
1514 2331 1578 2383 jus
1607 2328 1851 2371 nominandi
1879 2330 1934 2371 ad
1962 2327 2216 2371 Beneficium
2239 2327 2388 2370 Eccle-

1445 2390 1642 2432 fiasticum
1658 2419 1669 2429 .
1700 2391 1908 2448 Q‘eritur
1923 2401 1974 2431 an
1995 2387 2236 2442 hujusmodi
2257 2388 2390 2431 dona-

1444 2452 1507 2493 tio
1531 2447 1771 2491 sustineatur
1799 2451 1903 2492 citra
1931 2450 2071 2493 labem
2112 2449 2294 2498 fimoniae
2310 2475 2324 2497 ,
2347 2453 2389 2492 δε

1451 2508 1689 2554 confirmari
1701 2508 1855 2566 poffit?

1458 2591 1460 2594 >
1502 2565 1681 2612 Videtur
1696 2567 1942 2622 affirmativ?
1956 2566 2229 2612 asserendum.
2244 2568 2387 2612 Potest

1445 2631 1555 2672 enim
1574 2629 1778 2672 Patronus
1794 2630 1847 2672 de
1863 2628 2063 2673 consensu
2080 2630 2292 2674 Ordinarii
2310 2629 2388 2670 do·

1447 2703 1546 2731 nare
1566 2687 1888 2745 Juspatronatus
1906 2691 2216 2732 haereditarium
2228 2717 2244 2738 ‚
2261 2701 2307 2731 ut
2326 2689 2390 2729 di-

1445 2763 1533 2791 cam
1553 2747 1657 2790 infra
1681 2754 1776 2791 Can.
1794 2752 1899 2791 XVI.
1912 2753 2038 2791 XVII.
2051 2751 2197 2792 XVIII.
2212 2752 2322 2792 XIX.
2339 2747 2388 2791 (θ’

1415 2862 1421 2865 χ
1444 2813 1533 2851 XX.
1550 2808 1675 2850 Unde
1694 2822 1778 2853 non
1796 2809 1852 2851 est
1867 2823 1938 2852 cur
1956 2807 2194 2862 hujusmodi
2209 2809 2388 2851 donatio

1444 2867 1549 2910 faeta
1567 2869 1589 2910 a
1609 2865 1758 2924 sponso
1773 2866 1925 2925 sponsae
1937 2868 2197 2918 confirmari,
2212 2872 2253 2911 &
2275 2864 2389 2909 susti-

1446 2930 1534 2970 neri
1547 2941 1630 2970 non
1643 2929 1764 2984 poffit
1782 2926 1940 2987 absque
1960 2928 2127 2971 limonia
2143 2957 2156 2968 .

1505 2985 1756 3043 Respondeo
1767 3000 1911 3031 tamen
1928 2989 1969 3030 in
1987 2989 2067 3031 hoc
2081 2985 2176 3030 casu
2201 3000 2293 3029 cum
2324 2986 2390 3028 di·-

1445 3048 1686 3089 stinfflone:
1721 3049 1805 3089 Aut
1820 3048 1999 3091 donatio
2018 3045 2389 3105 jurispatronatus

1444 3108 1622 3151 deducta
1635 3105 1715 3149 fuit
1731 3109 1954 3163 in'paCtum
1981 3108 2237 3149 matrimonii
2267 3104 2390 3148 cum)

1446 3165 1598 3223 sponso
1626 3195 1639 3215 ‚
1670 3167 1828 3209 adeout
1861 3168 1983 3209 aliter
2011 3164 2098 3222 ipse
2118 3180 2204 3210 non
2221 3177 2389 3208 contra-

1445 3225 1578 3270 xisset:
1594 3227 1663 3269 vel
1679 3229 1786 3269 non?
1804 3228 1846 3268 Si
1863 3227 1948 3270 tale
1970 3229 2134 3283 pae'tum
2150 3223 2387 3270 interceffit3

1446 3285 1618 3328 fimonia
1633 3288 1805 3329 realiter
1835 3284 2045 3328 commissa
2073 3286 2157 3333 est,
2190 3292 2270 3327 necv
2288 3285 2390 3326 licet

1447 3343 1688 3401 dispensare
1703 3346 1786 3388 fine
1805 3347 1889 3388 ulla
1906 3344 2023 3388 causa
2040 3373 2052 3394 ‚
2069 3357 2114 3387 ut
2129 3344 2210 3386 fuit
2228 3342 2390 3386 resolu-

1446 3415 1532 3446 tum
1550 3407 1592 3447 in
1607 3406 1730 3448 Sacra
1747 3407 2102 3464 congregatione
2125 3404 2319 3446 Concilii
2347 3402 2391 3444 in

1442 3465 1705 3520 Neapolitana
1719 3462 1799 3519 stab
1827 3467 1963 3508 diebus
1995 3477 2036 3517 4.
2066 3463 2247 3514 Martii,
2272 3462 2322 3507 dr
2349 3466 2390 3503 6·

2278 3520 2390 3572 Majt'
