<?xml version="1.0" encoding="UTF-8"?>
<!DOCTYPE html PUBLIC "-//W3C//DTD XHTML 1.0 Transitional//EN"
    "http://www.w3.org/TR/xhtml1/DTD/xhtml1-transitional.dtd">
<html xmlns="http://www.w3.org/1999/xhtml" xml:lang="en" lang="en">
 <head>
  <title>
</title>
<meta http-equiv="Content-Type" content="text/html;charset=utf-8" />
  <meta name='ocr-system' content='tesseract 3.04.00' />
  <meta name='ocr-capabilities' content='ocr_page ocr_carea ocr_par ocr_line ocrx_word'/>
</head>
<body>
  <div class='ocr_page' id='page_1' title='image "./commentariainsin02farguoft/commentariainsin02farguoft_0505.png"; bbox 0 0 2456 3802; ppageno 0'>
   <div class='ocr_carea' id='block_1_1' title="bbox 17 263 1075 2188">
    <p class='ocr_par' dir='ltr' id='par_1_1' title="bbox 17 263 1075 986">
     <span class='ocr_line' id='line_1_1' title="bbox 17 263 1072 321; baseline -0.001 -13"><span class='ocrx_word' id='word_1_1' title='bbox 17 268 36 297; x_wconf 60' lang='lat'><em>1</em></span> <span class='ocrx_word' id='word_1_2' title='bbox 105 263 325 308; x_wconf 84' lang='lat' dir='ltr'>Antinoro</span> <span class='ocrx_word' id='word_1_3' title='bbox 341 273 557 321; x_wconf 87' lang='lat' dir='ltr'>tamquam</span> <span class='ocrx_word' id='word_1_4' title='bbox 575 264 658 306; x_wconf 84' lang='lat' dir='ltr'>Cle</span> <span class='ocrx_word' id='word_1_5' title='bbox 668 265 758 307; x_wconf 88' lang='lat' dir='ltr'>rico</span> <span class='ocrx_word' id='word_1_6' title='bbox 775 263 970 320; x_wconf 80' lang='lat' dir='ltr'>affignata</span> <span class='ocrx_word' id='word_1_7' title='bbox 987 293 1000 312; x_wconf 88' lang='lat'>,</span> <span class='ocrx_word' id='word_1_8' title='bbox 1032 268 1072 307; x_wconf 79' lang='grc' dir='ltr'>δε</span> 
     </span>
     <span class='ocr_line' id='line_1_2' title="bbox 106 323 1075 381; baseline -0.003 -12"><span class='ocrx_word' id='word_1_9' title='bbox 106 323 318 369; x_wconf 84' lang='lat' dir='ltr'>reservata</span> <span class='ocrx_word' id='word_1_10' title='bbox 335 325 527 366; x_wconf 82' lang='lat' dir='ltr'>extiterit</span> <span class='ocrx_word' id='word_1_11' title='bbox 544 337 622 380; x_wconf 82' lang='lat' dir='ltr'>pro</span> <span class='ocrx_word' id='word_1_12' title='bbox 648 326 935 366; x_wconf 87' lang='lat' dir='ltr'>commodiori</span> <span class='ocrx_word' id='word_1_13' title='bbox 951 323 1075 381; x_wconf 87' lang='lat' dir='ltr'>ipsius</span> 
     </span>
     <span class='ocr_line' id='line_1_3' title="bbox 106 382 1073 442; baseline -0.002 -14"><span class='ocrx_word' id='word_1_14' title='bbox 106 384 410 428; x_wconf 83' lang='lat' dir='ltr'>sustentatione</span> <span class='ocrx_word' id='word_1_15' title='bbox 425 413 438 432; x_wconf 88' lang='lat'>,</span> <span class='ocrx_word' id='word_1_16' title='bbox 469 398 558 442; x_wconf 92' lang='lat' dir='ltr'>quo</span> <span class='ocrx_word' id='word_1_17' title='bbox 572 382 667 426; x_wconf 88' lang='lat' dir='ltr'>casu</span> <span class='ocrx_word' id='word_1_18' title='bbox 685 387 727 427; x_wconf 89' lang='lat' dir='ltr'>in</span> <span class='ocrx_word' id='word_1_19' title='bbox 744 386 918 427; x_wconf 88' lang='lat' dir='ltr'>titulum</span> <span class='ocrx_word' id='word_1_20' title='bbox 939 385 1073 428; x_wconf 85' lang='lat' dir='ltr'>bene-</span> 
     </span>
     <span class='ocr_line' id='line_1_4' title="bbox 106 444 1075 498; baseline -0.004 -10"><span class='ocrx_word' id='word_1_21' title='bbox 106 444 193 488; x_wconf 77' lang='lat' dir='ltr'>ficii</span> <span class='ocrx_word' id='word_1_22' title='bbox 217 445 316 487; x_wconf 74' lang='lat' dir='ltr'>data</span> <span class='ocrx_word' id='word_1_23' title='bbox 344 446 500 487; x_wconf 82' lang='lat' dir='ltr'>dicitur</span> <span class='ocrx_word' id='word_1_24' title='bbox 528 445 694 486; x_wconf 75' lang='lat' dir='ltr'>Ct&#39;arlin.</span> <span class='ocrx_word' id='word_1_25' title='bbox 725 455 908 487; x_wconf 83' lang='lat' dir='ltr'>controv.</span> <span class='ocrx_word' id='word_1_26' title='bbox 920 445 1075 498; x_wconf 62' lang='lat' dir='ltr'>forens}</span> 
     </span>
     <span class='ocr_line' id='line_1_5' title="bbox 106 505 1075 562; baseline -0.002 -15"><span class='ocrx_word' id='word_1_27' title='bbox 106 507 175 547; x_wconf 86' lang='lat' dir='ltr'>lib.</span> <span class='ocrx_word' id='word_1_28' title='bbox 202 519 237 546; x_wconf 89' lang='lat'>1.</span> <span class='ocrx_word' id='word_1_29' title='bbox 255 511 416 561; x_wconf 85' lang='lat' dir='ltr'>cap.36.</span> <span class='ocrx_word' id='word_1_30' title='bbox 432 517 632 558; x_wconf 88' lang='lat' dir='ltr'>num.45.‚</span> <span class='ocrx_word' id='word_1_31' title='bbox 648 505 792 562; x_wconf 77' lang='lat' dir='ltr'>&amp;seq.</span> <span class='ocrx_word' id='word_1_32' title='bbox 805 506 892 562; x_wconf 90' lang='lat' dir='ltr'>Gig.</span> <span class='ocrx_word' id='word_1_33' title='bbox 908 506 1075 560; x_wconf 84' lang='lat' dir='ltr'>clepens.</span> 
     </span>
     <span class='ocr_line' id='line_1_6' title="bbox 106 565 1071 626; baseline -0.001 -19"><span class='ocrx_word' id='word_1_34' title='bbox 106 565 246 626; x_wconf 64' lang='lat' dir='ltr'>quaesi.</span> <span class='ocrx_word' id='word_1_35' title='bbox 265 578 335 618; x_wconf 98' lang='lat'>54.</span> <span class='ocrx_word' id='word_1_36' title='bbox 346 581 452 608; x_wconf 85' lang='lat' dir='ltr'>num.</span> <span class='ocrx_word' id='word_1_37' title='bbox 469 571 539 618; x_wconf 87' lang='lat'>67.</span> <span class='ocrx_word' id='word_1_38' title='bbox 553 567 759 622; x_wconf 82' lang='lat' dir='ltr'><em>utrobique</em></span> <span class='ocrx_word' id='word_1_39' title='bbox 776 579 927 616; x_wconf 86' lang='lat' dir='ltr'>num.4.</span> <span class='ocrx_word' id='word_1_40' title='bbox 942 571 1071 608; x_wconf 86' lang='lat' dir='ltr'>Garz.</span> 
     </span>
     <span class='ocr_line' id='line_1_7' title="bbox 106 626 1072 684; baseline -0.002 -16"><span class='ocrx_word' id='word_1_41' title='bbox 106 627 155 668; x_wconf 82' lang='lat' dir='ltr'>de</span> <span class='ocrx_word' id='word_1_42' title='bbox 172 627 340 682; x_wconf 89' lang='lat' dir='ltr'>Benefic.</span> <span class='ocrx_word' id='word_1_43' title='bbox 355 639 448 681; x_wconf 85' lang='lat' dir='ltr'>par.</span> <span class='ocrx_word' id='word_1_44' title='bbox 468 641 506 666; x_wconf 92' lang='grc'>2.</span> <span class='ocrx_word' id='word_1_45' title='bbox 522 638 603 680; x_wconf 84' lang='lat' dir='ltr'>cap.</span> <span class='ocrx_word' id='word_1_46' title='bbox 626 638 666 675; x_wconf 90' lang='lat'>5.</span> <span class='ocrx_word' id='word_1_47' title='bbox 681 640 788 666; x_wconf 84' lang='lat' dir='ltr'>num.</span> <span class='ocrx_word' id='word_1_48' title='bbox 807 641 849 677; x_wconf 89' lang='lat'>9.</span> <span class='ocrx_word' id='word_1_49' title='bbox 867 655 880 675; x_wconf 84' lang='lat'>‚</span> <span class='ocrx_word' id='word_1_50' title='bbox 906 630 946 670; x_wconf 89' lang='lat'>&amp;</span> <span class='ocrx_word' id='word_1_51' title='bbox 965 626 1072 684; x_wconf 85' lang='lat' dir='ltr'>quid</span> 
     </span>
     <span class='ocr_line' id='line_1_8' title="bbox 105 686 1072 743; baseline -0.003 -13"><span class='ocrx_word' id='word_1_52' title='bbox 105 687 336 743; x_wconf 80' lang='lat' dir='ltr'>spirituale</span> <span class='ocrx_word' id='word_1_53' title='bbox 354 715 369 735; x_wconf 87' lang='lat'>‚</span> <span class='ocrx_word' id='word_1_54' title='bbox 394 686 464 730; x_wconf 90' lang='lat' dir='ltr'>vel</span> <span class='ocrx_word' id='word_1_55' title='bbox 491 686 793 743; x_wconf 76' lang='lat' dir='ltr'>spiritualitati</span> <span class='ocrx_word' id='word_1_56' title='bbox 830 700 1072 730; x_wconf 76' lang='lat' dir='ltr'>annexum.»</span> 
     </span>
     <span class='ocr_line' id='line_1_9' title="bbox 105 744 1071 805; baseline -0.003 -15"><span class='ocrx_word' id='word_1_57' title='bbox 105 745 414 796; x_wconf 75' lang='lat' dir='ltr'>consideratur,</span> <span class='ocrx_word' id='word_1_58' title='bbox 432 759 477 789; x_wconf 90' lang='lat' dir='ltr'>ut</span> <span class='ocrx_word' id='word_1_59' title='bbox 491 744 760 805; x_wconf 86' lang='lat' dir='ltr'>prosequitur</span> <span class='ocrx_word' id='word_1_60' title='bbox 776 747 889 790; x_wconf 88' lang='lat' dir='ltr'>idem</span> <span class='ocrx_word' id='word_1_61' title='bbox 902 747 1071 789; x_wconf 82' lang='lat' dir='ltr'>Ciarlin.</span> 
     </span>
     <span class='ocr_line' id='line_1_10' title="bbox 110 808 1070 867; baseline -0.001 -19"><span class='ocrx_word' id='word_1_62' title='bbox 110 808 446 867; x_wconf 83' lang='lat' dir='ltr'>coutrov.forens.</span> <span class='ocrx_word' id='word_1_63' title='bbox 460 809 527 850; x_wconf 81' lang='lat' dir='ltr'>lib.</span> <span class='ocrx_word' id='word_1_64' title='bbox 551 820 588 849; x_wconf 89' lang='lat'>1.</span> <span class='ocrx_word' id='word_1_65' title='bbox 599 820 682 862; x_wconf 88' lang='lat' dir='ltr'>cap.</span> <span class='ocrx_word' id='word_1_66' title='bbox 703 812 773 860; x_wconf 88' lang='lat'>36.</span> <span class='ocrx_word' id='word_1_67' title='bbox 789 821 893 849; x_wconf 87' lang='lat' dir='ltr'>num.</span> <span class='ocrx_word' id='word_1_68' title='bbox 908 822 936 861; x_wconf 90' lang='lat'>4</span> <span class='ocrx_word' id='word_1_69' title='bbox 947 823 980 850; x_wconf 88' lang='lat'>1.</span> <span class='ocrx_word' id='word_1_70' title='bbox 997 821 1070 859; x_wconf 84' lang='lat'>42.</span> 
     </span>
     <span class='ocr_line' id='line_1_11' title="bbox 108 868 1069 922; baseline 0 -13"><span class='ocrx_word' id='word_1_71' title='bbox 108 873 241 912; x_wconf 87' lang='lat' dir='ltr'>Garz.</span> <span class='ocrx_word' id='word_1_72' title='bbox 256 869 303 910; x_wconf 87' lang='lat' dir='ltr'>de</span> <span class='ocrx_word' id='word_1_73' title='bbox 313 868 445 922; x_wconf 80' lang='lat' dir='ltr'>Benefi</span> <span class='ocrx_word' id='word_1_74' title='bbox 458 881 548 922; x_wconf 87' lang='lat' dir='ltr'>par.</span> <span class='ocrx_word' id='word_1_75' title='bbox 571 881 606 908; x_wconf 87' lang='lat'>1.</span> <span class='ocrx_word' id='word_1_76' title='bbox 625 880 710 922; x_wconf 81' lang='lat' dir='ltr'>cap.</span> <span class='ocrx_word' id='word_1_77' title='bbox 729 880 768 917; x_wconf 92' lang='lat'>5.</span> <span class='ocrx_word' id='word_1_78' title='bbox 784 883 890 909; x_wconf 88' lang='lat' dir='ltr'>num.</span> <span class='ocrx_word' id='word_1_79' title='bbox 907 884 948 919; x_wconf 88' lang='lat'>9.</span> <span class='ocrx_word' id='word_1_80' title='bbox 967 875 1069 912; x_wconf 83' lang='lat' dir='ltr'>Rota</span> 
     </span>
     <span class='ocr_line' id='line_1_12' title="bbox 107 928 1067 986; baseline 0.004 -18"><span class='ocrx_word' id='word_1_81' title='bbox 107 942 240 969; x_wconf 86' lang='lat' dir='ltr'>coram</span> <span class='ocrx_word' id='word_1_82' title='bbox 251 929 370 969; x_wconf 85' lang='lat' dir='ltr'>Card.</span> <span class='ocrx_word' id='word_1_83' title='bbox 382 929 483 982; x_wconf 68' lang='lat' dir='ltr'>Celso</span> <span class='ocrx_word' id='word_1_84' title='bbox 497 929 611 982; x_wconf 89' lang='lat' dir='ltr'>decis.</span> <span class='ocrx_word' id='word_1_85' title='bbox 631 930 701 978; x_wconf 86' lang='lat'>89.</span> <span class='ocrx_word' id='word_1_86' title='bbox 716 941 822 969; x_wconf 89' lang='lat' dir='ltr'>num·</span> <span class='ocrx_word' id='word_1_87' title='bbox 842 941 881 977; x_wconf 90' lang='lat'>5.</span> <span class='ocrx_word' id='word_1_88' title='bbox 896 928 946 972; x_wconf 69' lang='grc' dir='ltr'>ὠ·</span> <span class='ocrx_word' id='word_1_89' title='bbox 948 931 1067 986; x_wconf 85' lang='lat' dir='ltr'>seqq.</span> 
     </span>
    </p>

    <p class='ocr_par' dir='ltr' id='par_1_2' title="bbox 54 987 1071 2188">
     <span class='ocr_line' id='line_1_13' title="bbox 54 987 1066 1044; baseline 0.002 -15"><span class='ocrx_word' id='word_1_90' title='bbox 54 993 108 1030; x_wconf 85' lang='lat'>16</span> <span class='ocrx_word' id='word_1_91' title='bbox 126 988 231 1030; x_wconf 89' lang='lat' dir='ltr'>Ideo</span> <span class='ocrx_word' id='word_1_92' title='bbox 247 989 405 1035; x_wconf 85' lang='lat' dir='ltr'>statim,</span> <span class='ocrx_word' id='word_1_93' title='bbox 434 987 581 1044; x_wconf 80' lang='lat' dir='ltr'>acipse</span> <span class='ocrx_word' id='word_1_94' title='bbox 602 989 838 1031; x_wconf 87' lang='lat' dir='ltr'>Antinorus</span> <span class='ocrx_word' id='word_1_95' title='bbox 853 1019 867 1039; x_wconf 90' lang='lat'>,</span> <span class='ocrx_word' id='word_1_96' title='bbox 886 990 1066 1031; x_wconf 84' lang='lat' dir='ltr'>clerica-</span> 
     </span>
     <span class='ocr_line' id='line_1_14' title="bbox 105 1046 1064 1104; baseline 0 -12"><span class='ocrx_word' id='word_1_97' title='bbox 105 1049 218 1092; x_wconf 88' lang='lat' dir='ltr'>libus</span> <span class='ocrx_word' id='word_1_98' title='bbox 234 1048 421 1104; x_wconf 81' lang='lat' dir='ltr'>insigniis</span> <span class='ocrx_word' id='word_1_99' title='bbox 441 1046 646 1104; x_wconf 83' lang='lat' dir='ltr'>sepofitis‚</span> <span class='ocrx_word' id='word_1_100' title='bbox 663 1062 832 1092; x_wconf 71' lang='lat' dir='ltr'>armatae</span> <span class='ocrx_word' id='word_1_101' title='bbox 850 1051 1009 1093; x_wconf 86' lang='lat' dir='ltr'>militiae</span> <span class='ocrx_word' id='word_1_102' title='bbox 1022 1052 1064 1092; x_wconf 89' lang='lat' dir='ltr'>in</span> 
     </span>
     <span class='ocr_line' id='line_1_15' title="bbox 106 1108 1066 1167; baseline 0.002 -16"><span class='ocrx_word' id='word_1_103' title='bbox 106 1109 263 1166; x_wconf 86' lang='lat' dir='ltr'>Copiis</span> <span class='ocrx_word' id='word_1_104' title='bbox 296 1108 529 1151; x_wconf 87' lang='lat' dir='ltr'>Pontificiis</span> <span class='ocrx_word' id='word_1_105' title='bbox 546 1124 699 1152; x_wconf 90' lang='lat' dir='ltr'>nomen</span> <span class='ocrx_word' id='word_1_106' title='bbox 716 1111 835 1152; x_wconf 84' lang='lat' dir='ltr'>dedit</span> <span class='ocrx_word' id='word_1_107' title='bbox 850 1140 862 1159; x_wconf 90' lang='lat'>‚</span> <span class='ocrx_word' id='word_1_108' title='bbox 892 1110 1066 1167; x_wconf 81' lang='lat' dir='ltr'>praefata</span> 
     </span>
     <span class='ocr_line' id='line_1_16' title="bbox 105 1167 1068 1227; baseline 0.002 -15"><span class='ocrx_word' id='word_1_109' title='bbox 105 1168 251 1227; x_wconf 82' lang='lat' dir='ltr'>pensio</span> <span class='ocrx_word' id='word_1_110' title='bbox 269 1167 361 1226; x_wconf 91' lang='lat' dir='ltr'>ipso</span> <span class='ocrx_word' id='word_1_111' title='bbox 379 1169 470 1222; x_wconf 89' lang='lat' dir='ltr'>jure</span> <span class='ocrx_word' id='word_1_112' title='bbox 506 1172 691 1214; x_wconf 68' lang='lat' dir='ltr'>extincta</span> <span class='ocrx_word' id='word_1_113' title='bbox 710 1173 879 1227; x_wconf 78' lang='lat' dir='ltr'>penitus</span> <span class='ocrx_word' id='word_1_114' title='bbox 899 1186 1068 1214; x_wconf 86' lang='lat' dir='ltr'>reman-</span> 
     </span>
     <span class='ocr_line' id='line_1_17' title="bbox 102 1229 1067 1286; baseline 0 -14"><span class='ocrx_word' id='word_1_115' title='bbox 102 1229 153 1272; x_wconf 81' lang='lat' dir='ltr'>sit</span> <span class='ocrx_word' id='word_1_116' title='bbox 168 1229 572 1286; x_wconf 23' lang='lat' dir='ltr'>juxtadcommunem</span> <span class='ocrx_word' id='word_1_117' title='bbox 600 1232 833 1274; x_wconf 66' lang='lat' dir='ltr'>Doctorum</span> <span class='ocrx_word' id='word_1_118' title='bbox 850 1234 1067 1274; x_wconf 64' lang='lat' dir='ltr'>omnium.)</span> 
     </span>
     <span class='ocr_line' id='line_1_18' title="bbox 102 1288 1064 1348; baseline 0 -16"><span class='ocrx_word' id='word_1_119' title='bbox 102 1288 360 1332; x_wconf 86' lang='lat' dir='ltr'>sententiam</span> <span class='ocrx_word' id='word_1_120' title='bbox 380 1319 393 1338; x_wconf 86' lang='lat'>,</span> <span class='ocrx_word' id='word_1_121' title='bbox 424 1290 477 1333; x_wconf 93' lang='lat' dir='ltr'>de</span> <span class='ocrx_word' id='word_1_122' title='bbox 493 1305 577 1348; x_wconf 82' lang='lat' dir='ltr'>qua</span> <span class='ocrx_word' id='word_1_123' title='bbox 609 1296 734 1332; x_wconf 85' lang='lat' dir='ltr'>Azor.</span> <span class='ocrx_word' id='word_1_124' title='bbox 769 1292 894 1346; x_wconf 81' lang='lat' dir='ltr'>Instit.</span> <span class='ocrx_word' id='word_1_125' title='bbox 923 1292 1064 1333; x_wconf 85' lang='lat' dir='ltr'>moral.</span> 
     </span>
     <span class='ocr_line' id='line_1_19' title="bbox 98 1350 1066 1407; baseline 0.004 -17"><span class='ocrx_word' id='word_1_126' title='bbox 98 1362 193 1405; x_wconf 84' lang='lat' dir='ltr'>par.</span> <span class='ocrx_word' id='word_1_127' title='bbox 213 1364 252 1389; x_wconf 86' lang='lat'>2.</span> <span class='ocrx_word' id='word_1_128' title='bbox 268 1350 337 1391; x_wconf 88' lang='lat' dir='ltr'>lib.</span> <span class='ocrx_word' id='word_1_129' title='bbox 357 1352 397 1391; x_wconf 92' lang='lat'>8.</span> <span class='ocrx_word' id='word_1_130' title='bbox 424 1364 506 1405; x_wconf 85' lang='lat' dir='ltr'>cap.</span> <span class='ocrx_word' id='word_1_131' title='bbox 528 1365 594 1393; x_wconf 87' lang='lat'>10.</span> <span class='ocrx_word' id='word_1_132' title='bbox 610 1352 738 1407; x_wconf 79' lang='lat' dir='ltr'>quaest.</span> <span class='ocrx_word' id='word_1_133' title='bbox 758 1364 797 1401; x_wconf 90' lang='lat'>4.</span> <span class='ocrx_word' id='word_1_134' title='bbox 814 1353 1002 1395; x_wconf 79' lang='lat' dir='ltr'>Gambar.</span> <span class='ocrx_word' id='word_1_135' title='bbox 1019 1353 1066 1394; x_wconf 86' lang='lat' dir='ltr'>de</span> 
     </span>
     <span class='ocr_line' id='line_1_20' title="bbox 105 1408 1071 1468; baseline 0.002 -18"><span class='ocrx_word' id='word_1_136' title='bbox 105 1408 200 1464; x_wconf 75' lang='lat' dir='ltr'>qffi&#39;c.</span> <span class='ocrx_word' id='word_1_137' title='bbox 216 1411 337 1466; x_wconf 76' lang='lat' dir='ltr'>legat.</span> <span class='ocrx_word' id='word_1_138' title='bbox 353 1410 419 1452; x_wconf 85' lang='lat' dir='ltr'>lib.</span> <span class='ocrx_word' id='word_1_139' title='bbox 436 1417 591 1453; x_wconf 89' lang='lat' dir='ltr'>6.num.</span> <span class='ocrx_word' id='word_1_140' title='bbox 612 1425 728 1466; x_wconf 74' lang='grc'><strong>743..</strong></span> <span class='ocrx_word' id='word_1_141' title='bbox 750 1412 940 1468; x_wconf 69' lang='lat' dir='ltr'>&amp;scqq.,</span> <span class='ocrx_word' id='word_1_142' title='bbox 957 1413 1071 1455; x_wconf 87' lang='lat' dir='ltr'>Ciar-</span> 
     </span>
     <span class='ocr_line' id='line_1_21' title="bbox 106 1469 1067 1527; baseline 0.002 -17"><span class='ocrx_word' id='word_1_143' title='bbox 106 1470 178 1512; x_wconf 82' lang='lat' dir='ltr'>lin.</span> <span class='ocrx_word' id='word_1_144' title='bbox 195 1482 376 1513; x_wconf 89' lang='lat' dir='ltr'>controv.</span> <span class='ocrx_word' id='word_1_145' title='bbox 376 1469 528 1526; x_wconf 80' lang='lat' dir='ltr'>fhrens.</span> <span class='ocrx_word' id='word_1_146' title='bbox 542 1473 610 1514; x_wconf 87' lang='lat' dir='ltr'>lib.</span> <span class='ocrx_word' id='word_1_147' title='bbox 620 1486 655 1513; x_wconf 92' lang='lat'>1.</span> <span class='ocrx_word' id='word_1_148' title='bbox 670 1485 754 1527; x_wconf 87' lang='lat' dir='ltr'>cap.</span> <span class='ocrx_word' id='word_1_149' title='bbox 772 1486 792 1524; x_wconf 89' lang='lat'><em>3</em></span> <span class='ocrx_word' id='word_1_150' title='bbox 802 1478 842 1514; x_wconf 90' lang='grc'>6.</span> <span class='ocrx_word' id='word_1_151' title='bbox 853 1486 958 1513; x_wconf 89' lang='lat' dir='ltr'>num.</span> <span class='ocrx_word' id='word_1_152' title='bbox 976 1487 1067 1526; x_wconf 87' lang='lat'>42.,</span> 
     </span>
     <span class='ocr_line' id='line_1_22' title="bbox 107 1529 1067 1590; baseline 0.005 -20"><span class='ocrx_word' id='word_1_153' title='bbox 107 1529 161 1574; x_wconf 68' lang='grc' dir='ltr'>ὸ*</span> <span class='ocrx_word' id='word_1_154' title='bbox 175 1543 264 1583; x_wconf 81' lang='grc'><strong>43.,</strong></span> <span class='ocrx_word' id='word_1_155' title='bbox 283 1530 333 1574; x_wconf 72' lang='lat'>&amp;⁶</span> <span class='ocrx_word' id='word_1_156' title='bbox 349 1532 418 1572; x_wconf 88' lang='lat' dir='ltr'>lib.</span> <span class='ocrx_word' id='word_1_157' title='bbox 438 1545 476 1573; x_wconf 88' lang='lat'>2.</span> <span class='ocrx_word' id='word_1_158' title='bbox 491 1545 575 1587; x_wconf 88' lang='lat' dir='ltr'>cap.</span> <span class='ocrx_word' id='word_1_159' title='bbox 599 1537 696 1584; x_wconf 85' lang='lat'>136.</span> <span class='ocrx_word' id='word_1_160' title='bbox 711 1547 818 1574; x_wconf 88' lang='lat' dir='ltr'>num.</span> <span class='ocrx_word' id='word_1_161' title='bbox 838 1534 878 1573; x_wconf 92' lang='lat'>8.</span> <span class='ocrx_word' id='word_1_162' title='bbox 895 1533 1067 1590; x_wconf 87' lang='lat' dir='ltr'>Pignat-</span> 
     </span>
     <span class='ocr_line' id='line_1_23' title="bbox 105 1591 1066 1647; baseline 0.002 -15"><span class='ocrx_word' id='word_1_163' title='bbox 105 1591 190 1633; x_wconf 81' lang='lat' dir='ltr'>tell.</span> <span class='ocrx_word' id='word_1_164' title='bbox 205 1591 366 1645; x_wconf 79' lang='lat' dir='ltr'>consult.</span> <span class='ocrx_word' id='word_1_165' title='bbox 383 1595 530 1633; x_wconf 89' lang='lat' dir='ltr'>Canon.</span> <span class='ocrx_word' id='word_1_166' title='bbox 545 1604 638 1634; x_wconf 87' lang='lat' dir='ltr'>tom.</span> <span class='ocrx_word' id='word_1_167' title='bbox 661 1607 699 1634; x_wconf 87' lang='lat'>2.</span> <span class='ocrx_word' id='word_1_168' title='bbox 714 1593 873 1647; x_wconf 77' lang='lat' dir='ltr'>consult.</span> <span class='ocrx_word' id='word_1_169' title='bbox 897 1607 915 1632; x_wconf 88' lang='lat'>2</span> <span class='ocrx_word' id='word_1_170' title='bbox 928 1623 939 1635; x_wconf 92' lang='lat'>.</span> <span class='ocrx_word' id='word_1_171' title='bbox 954 1607 1066 1635; x_wconf 54' lang='lat' dir='ltr'>nun.</span> 
     </span>
     <span class='ocr_line' id='line_1_24' title="bbox 106 1652 1066 1709; baseline 0 -15"><span class='ocrx_word' id='word_1_172' title='bbox 106 1652 325 1707; x_wconf 84' lang='lat' dir='ltr'>Caccialup.</span> <span class='ocrx_word' id='word_1_173' title='bbox 353 1652 400 1692; x_wconf 89' lang='lat' dir='ltr'>de</span> <span class='ocrx_word' id='word_1_174' title='bbox 425 1655 597 1708; x_wconf 81' lang='lat' dir='ltr'>Pension.</span> <span class='ocrx_word' id='word_1_175' title='bbox 628 1653 768 1709; x_wconf 61' lang='lat' dir='ltr'>quaest.</span> <span class='ocrx_word' id='word_1_176' title='bbox 806 1666 873 1703; x_wconf 92' lang='lat'>15.</span> <span class='ocrx_word' id='word_1_177' title='bbox 901 1667 1007 1694; x_wconf 90' lang='lat' dir='ltr'>num.</span> <span class='ocrx_word' id='word_1_178' title='bbox 1027 1666 1066 1703; x_wconf 92' lang='lat'>5.</span> 
     </span>
     <span class='ocr_line' id='line_1_25' title="bbox 101 1711 1063 1771; baseline 0 -16"><span class='ocrx_word' id='word_1_179' title='bbox 101 1711 266 1755; x_wconf 84' lang='lat' dir='ltr'>Ricciul.</span> <span class='ocrx_word' id='word_1_180' title='bbox 291 1712 338 1754; x_wconf 80' lang='lat' dir='ltr'>de</span> <span class='ocrx_word' id='word_1_181' title='bbox 347 1715 434 1763; x_wconf 85' lang='lat' dir='ltr'>jur.</span> <span class='ocrx_word' id='word_1_182' title='bbox 444 1713 596 1766; x_wconf 90' lang='lat' dir='ltr'>person.</span> <span class='ocrx_word' id='word_1_183' title='bbox 626 1725 739 1756; x_wconf 86' lang='lat' dir='ltr'>extr.</span> <span class='ocrx_word' id='word_1_184' title='bbox 762 1729 887 1771; x_wconf 87' lang='lat' dir='ltr'>grem.</span> <span class='ocrx_word' id='word_1_185' title='bbox 924 1715 1063 1767; x_wconf 69' lang='lat' dir='ltr'>EccleJI</span> 
     </span>
     <span class='ocr_line' id='line_1_26' title="bbox 100 1772 1066 1831; baseline 0.002 -17"><span class='ocrx_word' id='word_1_186' title='bbox 100 1772 170 1814; x_wconf 81' lang='lat' dir='ltr'>lib.</span> <span class='ocrx_word' id='word_1_187' title='bbox 189 1785 229 1824; x_wconf 88' lang='lat'>7.</span> <span class='ocrx_word' id='word_1_188' title='bbox 261 1786 345 1827; x_wconf 84' lang='lat' dir='ltr'>cap.</span> <span class='ocrx_word' id='word_1_189' title='bbox 383 1783 421 1821; x_wconf 88' lang='lat'>5.</span> <span class='ocrx_word' id='word_1_190' title='bbox 449 1787 556 1815; x_wconf 88' lang='lat' dir='ltr'>num.</span> <span class='ocrx_word' id='word_1_191' title='bbox 584 1778 654 1814; x_wconf 90' lang='lat'>26.</span> <span class='ocrx_word' id='word_1_192' title='bbox 667 1803 680 1823; x_wconf 87' lang='lat'>,</span> <span class='ocrx_word' id='word_1_193' title='bbox 708 1775 797 1831; x_wconf 83' lang='lat' dir='ltr'>Gig.</span> <span class='ocrx_word' id='word_1_194' title='bbox 829 1775 874 1816; x_wconf 88' lang='lat' dir='ltr'>de</span> <span class='ocrx_word' id='word_1_195' title='bbox 897 1777 1066 1831; x_wconf 84' lang='lat' dir='ltr'>pension.</span> 
     </span>
     <span class='ocr_line' id='line_1_27' title="bbox 100 1831 1064 1892; baseline 0.002 -18"><span class='ocrx_word' id='word_1_196' title='bbox 100 1831 232 1889; x_wconf 67' lang='lat' dir='ltr'>quast.</span> <span class='ocrx_word' id='word_1_197' title='bbox 253 1844 322 1883; x_wconf 92' lang='lat'>55.</span> <span class='ocrx_word' id='word_1_198' title='bbox 351 1846 456 1878; x_wconf 85' lang='lat' dir='ltr'>num.</span> <span class='ocrx_word' id='word_1_199' title='bbox 471 1847 510 1884; x_wconf 86' lang='lat'>4.</span> <span class='ocrx_word' id='word_1_200' title='bbox 531 1846 568 1884; x_wconf 94' lang='lat'>5.</span> <span class='ocrx_word' id='word_1_201' title='bbox 588 1834 750 1876; x_wconf 79' lang='lat' dir='ltr'>Vivian.</span> <span class='ocrx_word' id='word_1_202' title='bbox 776 1836 824 1875; x_wconf 85' lang='lat' dir='ltr'>de</span> <span class='ocrx_word' id='word_1_203' title='bbox 840 1835 1064 1892; x_wconf 58' lang='lat' dir='ltr'>Jurepatr.</span> 
     </span>
     <span class='ocr_line' id='line_1_28' title="bbox 101 1892 1060 1952; baseline 0 -18"><span class='ocrx_word' id='word_1_204' title='bbox 101 1892 169 1935; x_wconf 86' lang='lat' dir='ltr'>lib.</span> <span class='ocrx_word' id='word_1_205' title='bbox 188 1905 228 1944; x_wconf 89' lang='lat'>3.</span> <span class='ocrx_word' id='word_1_206' title='bbox 258 1905 342 1947; x_wconf 87' lang='lat' dir='ltr'>cap.</span> <span class='ocrx_word' id='word_1_207' title='bbox 373 1907 414 1943; x_wconf 92' lang='lat'>9.</span> <span class='ocrx_word' id='word_1_208' title='bbox 428 1907 532 1935; x_wconf 89' lang='lat' dir='ltr'>num.</span> <span class='ocrx_word' id='word_1_209' title='bbox 559 1905 628 1944; x_wconf 87' lang='lat'>55.</span> <span class='ocrx_word' id='word_1_210' title='bbox 665 1896 801 1952; x_wconf 81' lang='lat' dir='ltr'>Angel.</span> <span class='ocrx_word' id='word_1_211' title='bbox 833 1896 880 1935; x_wconf 87' lang='lat' dir='ltr'>de</span> <span class='ocrx_word' id='word_1_212' title='bbox 904 1895 1060 1949; x_wconf 73' lang='lat' dir='ltr'>confeſs</span> 
     </span>
     <span class='ocr_line' id='line_1_29' title="bbox 101 1953 1066 2012; baseline 0.003 -18"><span class='ocrx_word' id='word_1_213' title='bbox 101 1953 169 1995; x_wconf 83' lang='lat' dir='ltr'>lib.</span> <span class='ocrx_word' id='word_1_214' title='bbox 187 1965 226 1993; x_wconf 87' lang='lat'>2.</span> <span class='ocrx_word' id='word_1_215' title='bbox 241 1967 308 2009; x_wconf 88' lang='lat' dir='ltr'>qu.</span> <span class='ocrx_word' id='word_1_216' title='bbox 330 1964 400 2004; x_wconf 91' lang='lat'>50.</span> <span class='ocrx_word' id='word_1_217' title='bbox 415 1968 520 1995; x_wconf 87' lang='lat' dir='ltr'>num.</span> <span class='ocrx_word' id='word_1_218' title='bbox 535 1967 575 2006; x_wconf 89' lang='lat'>4.</span> <span class='ocrx_word' id='word_1_219' title='bbox 587 1955 764 2012; x_wconf 78' lang='lat' dir='ltr'>Graffide</span> <span class='ocrx_word' id='word_1_220' title='bbox 785 1954 908 2012; x_wconf 61' lang='lat' dir='ltr'>effebi.</span> <span class='ocrx_word' id='word_1_221' title='bbox 922 1955 1066 1997; x_wconf 77' lang='lat' dir='ltr'>Cleric-</span> 
     </span>
     <span class='ocr_line' id='line_1_30' title="bbox 100 2013 1063 2072; baseline 0.002 -18"><span class='ocrx_word' id='word_1_222' title='bbox 100 2013 230 2072; x_wconf 47' lang='grc' dir='ltr'><strong>φᾶ.</strong></span> <span class='ocrx_word' id='word_1_223' title='bbox 248 2016 288 2054; x_wconf 87' lang='grc'>8.</span> <span class='ocrx_word' id='word_1_224' title='bbox 304 2027 409 2055; x_wconf 85' lang='lat' dir='ltr'>num.</span> <span class='ocrx_word' id='word_1_225' title='bbox 429 2028 444 2054; x_wconf 92' lang='lat'>1</span> <span class='ocrx_word' id='word_1_226' title='bbox 459 2027 511 2062; x_wconf 86' lang='lat'>1.,</span> <span class='ocrx_word' id='word_1_227' title='bbox 529 2019 569 2058; x_wconf 74' lang='grc' dir='ltr'>δε</span> <span class='ocrx_word' id='word_1_228' title='bbox 585 2015 692 2056; x_wconf 88' lang='lat' dir='ltr'>dixit</span> <span class='ocrx_word' id='word_1_229' title='bbox 707 2019 814 2058; x_wconf 82' lang='lat' dir='ltr'>Rota</span> <span class='ocrx_word' id='word_1_230' title='bbox 832 2016 945 2069; x_wconf 65' lang='lat' dir='ltr'>decis}</span> <span class='ocrx_word' id='word_1_231' title='bbox 964 2028 982 2054; x_wconf 93' lang='lat'>2</span> <span class='ocrx_word' id='word_1_232' title='bbox 997 2029 1013 2055; x_wconf 92' lang='lat'>1</span> <span class='ocrx_word' id='word_1_233' title='bbox 1025 2031 1063 2056; x_wconf 89' lang='lat'>2.</span> 
     </span>
     <span class='ocr_line' id='line_1_31' title="bbox 100 2073 1063 2133; baseline 0.002 -17"><span class='ocrx_word' id='word_1_234' title='bbox 100 2088 208 2116; x_wconf 86' lang='lat' dir='ltr'>num.</span> <span class='ocrx_word' id='word_1_235' title='bbox 226 2078 268 2114; x_wconf 91' lang='lat'>6.</span> <span class='ocrx_word' id='word_1_236' title='bbox 291 2073 388 2128; x_wconf 82' lang='lat' dir='ltr'>post.</span> <span class='ocrx_word' id='word_1_237' title='bbox 409 2074 523 2117; x_wconf 79' lang='lat' dir='ltr'>Torr.</span> <span class='ocrx_word' id='word_1_238' title='bbox 538 2077 585 2116; x_wconf 85' lang='lat' dir='ltr'>de</span> <span class='ocrx_word' id='word_1_239' title='bbox 595 2077 706 2128; x_wconf 60' lang='lat' dir='ltr'>paiz.</span> <span class='ocrx_word' id='word_1_240' title='bbox 725 2076 865 2130; x_wconf 86' lang='lat' dir='ltr'>futur.</span> <span class='ocrx_word' id='word_1_241' title='bbox 869 2075 1029 2133; x_wconf 72' lang='lat' dir='ltr'>succeff.</span> <span class='ocrx_word' id='word_1_242' title='bbox 1048 2105 1063 2125; x_wconf 86' lang='lat'>‚</span> 
     </span>
     <span class='ocr_line' id='line_1_32' title="bbox 101 2134 1060 2188; baseline -0.002 -11"><span class='ocrx_word' id='word_1_243' title='bbox 101 2149 235 2177; x_wconf 80' lang='lat' dir='ltr'>coram</span> <span class='ocrx_word' id='word_1_244' title='bbox 261 2134 421 2176; x_wconf 77' lang='lat' dir='ltr'>Ninon.</span> <span class='ocrx_word' id='word_1_245' title='bbox 437 2135 551 2188; x_wconf 63' lang='lat' dir='ltr'>decis}</span> <span class='ocrx_word' id='word_1_246' title='bbox 570 2148 609 2176; x_wconf 88' lang='lat'>2.</span> <span class='ocrx_word' id='word_1_247' title='bbox 635 2150 739 2177; x_wconf 88' lang='lat' dir='ltr'>num.</span> <span class='ocrx_word' id='word_1_248' title='bbox 760 2151 799 2177; x_wconf 90' lang='lat'>2.</span> <span class='ocrx_word' id='word_1_249' title='bbox 818 2136 867 2178; x_wconf 58' lang='grc' dir='ltr'>(θ’</span> <span class='ocrx_word' id='word_1_250' title='bbox 888 2137 1060 2177; x_wconf 83' lang='lat' dir='ltr'>articulo</span> 
     </span>
    </p>
   </div>
   <div class='ocr_carea' id='block_1_2' title="bbox 0 0 29 1483">
    <p class='ocr_par' dir='ltr' id='par_1_3' title="bbox 0 0 29 1483">
     <span class='ocr_line' id='line_1_33' title="bbox 0 0 29 1483; baseline 0 0"><span class='ocrx_word' id='word_1_251' title='bbox 0 0 29 1483; x_wconf 95' lang='lat' dir='ltr'> </span> 
     </span>
    </p>
   </div>
   <div class='ocr_carea' id='block_1_3' title="bbox 51 2194 1074 3522">
    <p class='ocr_par' dir='ltr' id='par_1_4' title="bbox 91 2194 1064 2431">
     <span class='ocr_line' id='line_1_34' title="bbox 101 2194 1063 2253; baseline 0.006 -19"><span class='ocrx_word' id='word_1_252' title='bbox 101 2194 390 2251; x_wconf 83' lang='lat' dir='ltr'>magistraliter</span> <span class='ocrx_word' id='word_1_253' title='bbox 405 2194 562 2253; x_wconf 75' lang='lat' dir='ltr'>discuffo</span> <span class='ocrx_word' id='word_1_254' title='bbox 578 2197 694 2249; x_wconf 86' lang='lat' dir='ltr'>decis.</span> <span class='ocrx_word' id='word_1_255' title='bbox 713 2202 786 2246; x_wconf 83' lang='grc'>69.</span> <span class='ocrx_word' id='word_1_256' title='bbox 801 2211 909 2238; x_wconf 85' lang='lat' dir='ltr'>num.</span> <span class='ocrx_word' id='word_1_257' title='bbox 930 2210 944 2235; x_wconf 98' lang='lat'>1</span> <span class='ocrx_word' id='word_1_258' title='bbox 956 2209 996 2247; x_wconf 90' lang='lat'>7.</span> <span class='ocrx_word' id='word_1_259' title='bbox 1013 2195 1063 2240; x_wconf 59' lang='grc' dir='ltr'>ό</span> 
     </span>
     <span class='ocr_line' id='line_1_35' title="bbox 91 2253 1064 2312; baseline 0.003 -17"><span class='ocrx_word' id='word_1_260' title='bbox 91 2255 210 2311; x_wconf 75' lang='lat' dir='ltr'>fiqq·</span> <span class='ocrx_word' id='word_1_261' title='bbox 221 2283 235 2304; x_wconf 85' lang='lat'>,</span> <span class='ocrx_word' id='word_1_262' title='bbox 248 2253 298 2298; x_wconf 67' lang='lat'>&amp;⁴</span> <span class='ocrx_word' id='word_1_263' title='bbox 313 2254 427 2308; x_wconf 67' lang='lat' dir='ltr'>decis.⁸</span> <span class='ocrx_word' id='word_1_264' title='bbox 448 2269 467 2295; x_wconf 89' lang='lat'>2</span> <span class='ocrx_word' id='word_1_265' title='bbox 481 2261 552 2296; x_wconf 90' lang='lat'>16.</span> <span class='ocrx_word' id='word_1_266' title='bbox 577 2256 697 2308; x_wconf 66' lang='lat'>&amp;33</span> <span class='ocrx_word' id='word_1_267' title='bbox 708 2259 829 2312; x_wconf 87' lang='lat' dir='ltr'>8.per</span> <span class='ocrx_word' id='word_1_268' title='bbox 843 2269 916 2299; x_wconf 88' lang='lat' dir='ltr'>tot.</span> <span class='ocrx_word' id='word_1_269' title='bbox 932 2271 1064 2298; x_wconf 88' lang='lat' dir='ltr'>coram</span> 
     </span>
     <span class='ocr_line' id='line_1_36' title="bbox 103 2314 1062 2371; baseline 0.001 -13"><span class='ocrx_word' id='word_1_270' title='bbox 103 2315 226 2358; x_wconf 87' lang='lat' dir='ltr'>Card.</span> <span class='ocrx_word' id='word_1_271' title='bbox 255 2314 360 2369; x_wconf 73' lang='grc' dir='ltr'><em>ΟεζΙὸ</em></span> <span class='ocrx_word' id='word_1_272' title='bbox 375 2343 391 2364; x_wconf 83' lang='grc'>,</span> <span class='ocrx_word' id='word_1_273' title='bbox 416 2314 468 2359; x_wconf 67' lang='grc'>(9·</span> <span class='ocrx_word' id='word_1_274' title='bbox 490 2315 533 2357; x_wconf 89' lang='lat' dir='ltr'>in</span> <span class='ocrx_word' id='word_1_275' title='bbox 556 2331 636 2359; x_wconf 84' lang='lat' dir='ltr'>rec.</span> <span class='ocrx_word' id='word_1_276' title='bbox 663 2317 746 2359; x_wconf 90' lang='lat' dir='ltr'>dec.</span> <span class='ocrx_word' id='word_1_277' title='bbox 765 2329 815 2371; x_wconf 87' lang='lat'>35</span> <span class='ocrx_word' id='word_1_278' title='bbox 829 2329 868 2367; x_wconf 91' lang='lat'>5.</span> <span class='ocrx_word' id='word_1_279' title='bbox 894 2331 1002 2358; x_wconf 88' lang='lat' dir='ltr'>num.</span> <span class='ocrx_word' id='word_1_280' title='bbox 1020 2332 1062 2369; x_wconf 90' lang='lat'>9.</span> 
     </span>
     <span class='ocr_line' id='line_1_37' title="bbox 97 2387 288 2431; baseline 0.005 -14"><span class='ocrx_word' id='word_1_281' title='bbox 97 2387 191 2431; x_wconf 86' lang='lat' dir='ltr'>par.</span> <span class='ocrx_word' id='word_1_282' title='bbox 220 2388 288 2428; x_wconf 85' lang='lat'>¹4·</span> 
     </span>
    </p>

    <p class='ocr_par' dir='ltr' id='par_1_5' title="bbox 51 2435 1070 3038">
     <span class='ocr_line' id='line_1_38' title="bbox 51 2435 1064 2494; baseline 0.004 -17"><span class='ocrx_word' id='word_1_283' title='bbox 51 2453 103 2494; x_wconf 87' lang='lat'>17</span> <span class='ocrx_word' id='word_1_284' title='bbox 164 2435 323 2479; x_wconf 87' lang='lat' dir='ltr'>Militia</span> <span class='ocrx_word' id='word_1_285' title='bbox 354 2437 465 2479; x_wconf 88' lang='lat' dir='ltr'>enim</span> <span class='ocrx_word' id='word_1_286' title='bbox 502 2436 721 2481; x_wconf 79' lang='lat' dir='ltr'>Saecularis</span> <span class='ocrx_word' id='word_1_287' title='bbox 753 2439 807 2481; x_wconf 89' lang='lat' dir='ltr'>de</span> <span class='ocrx_word' id='word_1_288' title='bbox 840 2439 1064 2481; x_wconf 85' lang='lat' dir='ltr'>Diametro</span> 
     </span>
     <span class='ocr_line' id='line_1_39' title="bbox 105 2497 1066 2554; baseline 0.002 -14"><span class='ocrx_word' id='word_1_289' title='bbox 105 2497 392 2540; x_wconf 81' lang='lat' dir='ltr'>contrariatur</span> <span class='ocrx_word' id='word_1_290' title='bbox 422 2498 577 2540; x_wconf 89' lang='lat' dir='ltr'>Statuti</span> <span class='ocrx_word' id='word_1_291' title='bbox 609 2499 842 2548; x_wconf 80' lang='lat' dir='ltr'>clericali,</span> <span class='ocrx_word' id='word_1_292' title='bbox 870 2512 945 2554; x_wconf 88' lang='lat' dir='ltr'>per</span> <span class='ocrx_word' id='word_1_293' title='bbox 971 2513 1066 2542; x_wconf 89' lang='lat' dir='ltr'>mo-</span> 
     </span>
     <span class='ocr_line' id='line_1_40' title="bbox 111 2557 1064 2608; baseline 0 -8"><span class='ocrx_word' id='word_1_294' title='bbox 111 2557 213 2600; x_wconf 88' lang='lat' dir='ltr'>dum</span> <span class='ocrx_word' id='word_1_295' title='bbox 230 2585 242 2606; x_wconf 85' lang='lat'>‚</span> <span class='ocrx_word' id='word_1_296' title='bbox 265 2569 308 2599; x_wconf 92' lang='lat' dir='ltr'>ut</span> <span class='ocrx_word' id='word_1_297' title='bbox 325 2557 442 2600; x_wconf 87' lang='lat' dir='ltr'>ficuti</span> <span class='ocrx_word' id='word_1_298' title='bbox 457 2559 578 2601; x_wconf 88' lang='lat' dir='ltr'>miles</span> <span class='ocrx_word' id='word_1_299' title='bbox 591 2560 750 2602; x_wconf 86' lang='lat' dir='ltr'>Christi</span> <span class='ocrx_word' id='word_1_300' title='bbox 770 2589 782 2608; x_wconf 90' lang='lat'>‚</span> <span class='ocrx_word' id='word_1_301' title='bbox 799 2557 927 2602; x_wconf 90' lang='lat' dir='ltr'>seculi</span> <span class='ocrx_word' id='word_1_302' title='bbox 941 2560 1064 2601; x_wconf 89' lang='lat' dir='ltr'>miles</span> 
     </span>
     <span class='ocr_line' id='line_1_41' title="bbox 107 2615 1067 2668; baseline 0 -8"><span class='ocrx_word' id='word_1_303' title='bbox 107 2615 189 2660; x_wconf 84' lang='lat' dir='ltr'>esse</span> <span class='ocrx_word' id='word_1_304' title='bbox 204 2617 356 2660; x_wconf 85' lang='lat' dir='ltr'>definit</span> <span class='ocrx_word' id='word_1_305' title='bbox 372 2647 385 2667; x_wconf 89' lang='lat'>‚</span> <span class='ocrx_word' id='word_1_306' title='bbox 399 2619 493 2662; x_wconf 72' lang='lat' dir='ltr'>cum</span> <span class='ocrx_word' id='word_1_307' title='bbox 511 2621 625 2668; x_wconf 88' lang='lat' dir='ltr'>Deo,</span> <span class='ocrx_word' id='word_1_308' title='bbox 642 2624 682 2662; x_wconf 86' lang='lat'>&amp;</span> <span class='ocrx_word' id='word_1_309' title='bbox 700 2618 840 2662; x_wconf 87' lang='lat' dir='ltr'>seculo</span> <span class='ocrx_word' id='word_1_310' title='bbox 859 2619 971 2661; x_wconf 79' lang='lat' dir='ltr'>simul</span> <span class='ocrx_word' id='word_1_311' title='bbox 985 2620 1067 2662; x_wconf 91' lang='lat' dir='ltr'>Mi-</span> 
     </span>
     <span class='ocr_line' id='line_1_42' title="bbox 106 2676 1065 2736; baseline -0.001 -15"><span class='ocrx_word' id='word_1_312' title='bbox 106 2678 222 2721; x_wconf 84' lang='lat' dir='ltr'>litari</span> <span class='ocrx_word' id='word_1_313' title='bbox 241 2692 325 2722; x_wconf 85' lang='lat' dir='ltr'>non</span> <span class='ocrx_word' id='word_1_314' title='bbox 342 2678 461 2735; x_wconf 79' lang='lat' dir='ltr'>posfit</span> <span class='ocrx_word' id='word_1_315' title='bbox 478 2708 493 2730; x_wconf 86' lang='lat'>,</span> <span class='ocrx_word' id='word_1_316' title='bbox 517 2695 604 2722; x_wconf 83' lang='lat' dir='ltr'>can.</span> <span class='ocrx_word' id='word_1_317' title='bbox 621 2676 852 2736; x_wconf 84' lang='lat' dir='ltr'>quicumque</span> <span class='ocrx_word' id='word_1_318' title='bbox 882 2679 911 2718; x_wconf 78' lang='lat' dir='ltr'>il</span> <span class='ocrx_word' id='word_1_319' title='bbox 926 2680 1065 2732; x_wconf 77' lang='lat' dir='ltr'>secon-</span> 
     </span>
     <span class='ocr_line' id='line_1_43' title="bbox 109 2738 1067 2795; baseline 0.001 -16"><span class='ocrx_word' id='word_1_320' title='bbox 109 2739 158 2780; x_wconf 83' lang='lat' dir='ltr'>do</span> <span class='ocrx_word' id='word_1_321' title='bbox 178 2751 247 2790; x_wconf 88' lang='lat'>23.</span> <span class='ocrx_word' id='word_1_322' title='bbox 260 2738 391 2795; x_wconf 82' lang='lat' dir='ltr'>quaest.</span> <span class='ocrx_word' id='word_1_323' title='bbox 409 2741 449 2780; x_wconf 92' lang='lat'>8.</span> <span class='ocrx_word' id='word_1_324' title='bbox 468 2769 481 2790; x_wconf 88' lang='lat'>‚</span> <span class='ocrx_word' id='word_1_325' title='bbox 515 2740 574 2781; x_wconf 88' lang='lat' dir='ltr'>ita</span> <span class='ocrx_word' id='word_1_326' title='bbox 593 2741 720 2782; x_wconf 90' lang='lat' dir='ltr'>etiam</span> <span class='ocrx_word' id='word_1_327' title='bbox 736 2739 932 2782; x_wconf 83' lang='lat' dir='ltr'>Clericus</span> <span class='ocrx_word' id='word_1_328' title='bbox 950 2740 1067 2780; x_wconf 88' lang='lat' dir='ltr'>Mili-</span> 
     </span>
     <span class='ocr_line' id='line_1_44' title="bbox 106 2797 1067 2849; baseline 0.001 -8"><span class='ocrx_word' id='word_1_329' title='bbox 106 2799 210 2841; x_wconf 85' lang='lat' dir='ltr'>tiam</span> <span class='ocrx_word' id='word_1_330' title='bbox 242 2799 483 2842; x_wconf 77' lang='lat' dir='ltr'>secularem</span> <span class='ocrx_word' id='word_1_331' title='bbox 498 2797 699 2842; x_wconf 77' lang='lat' dir='ltr'>assumens</span> <span class='ocrx_word' id='word_1_332' title='bbox 719 2828 732 2849; x_wconf 91' lang='lat'>,</span> <span class='ocrx_word' id='word_1_333' title='bbox 762 2800 918 2844; x_wconf 88' lang='lat' dir='ltr'>Christi</span> <span class='ocrx_word' id='word_1_334' title='bbox 945 2799 1067 2842; x_wconf 87' lang='lat' dir='ltr'>miles</span> 
     </span>
     <span class='ocr_line' id='line_1_45' title="bbox 112 2857 1070 2917; baseline 0 -15"><span class='ocrx_word' id='word_1_335' title='bbox 112 2857 194 2902; x_wconf 80' lang='lat' dir='ltr'>eise</span> <span class='ocrx_word' id='word_1_336' title='bbox 207 2858 385 2908; x_wconf 86' lang='lat' dir='ltr'>defiit‚&amp;</span> <span class='ocrx_word' id='word_1_337' title='bbox 399 2860 598 2916; x_wconf 86' lang='lat' dir='ltr'>indignus</span> <span class='ocrx_word' id='word_1_338' title='bbox 613 2859 790 2904; x_wconf 88' lang='lat' dir='ltr'>efficitur</span> <span class='ocrx_word' id='word_1_339' title='bbox 804 2858 1070 2917; x_wconf 83' lang='lat' dir='ltr'>consequen-</span> 
     </span>
     <span class='ocr_line' id='line_1_46' title="bbox 111 2918 1067 2976; baseline 0 -14"><span class='ocrx_word' id='word_1_340' title='bbox 111 2918 156 2962; x_wconf 89' lang='lat' dir='ltr'>di</span> <span class='ocrx_word' id='word_1_341' title='bbox 174 2918 359 2969; x_wconf 67' lang='lat' dir='ltr'>fruetus,</span> <span class='ocrx_word' id='word_1_342' title='bbox 397 2919 467 2963; x_wconf 88' lang='lat' dir='ltr'>seu</span> <span class='ocrx_word' id='word_1_343' title='bbox 493 2933 727 2976; x_wconf 84' lang='lat' dir='ltr'>proventus</span> <span class='ocrx_word' id='word_1_344' title='bbox 755 2919 1067 2963; x_wconf 79' lang='lat' dir='ltr'>Ecclesiasticus</span> 
     </span>
     <span class='ocr_line' id='line_1_47' title="bbox 109 2978 1070 3038; baseline 0.003 -18"><span class='ocrx_word' id='word_1_345' title='bbox 109 2980 185 3037; x_wconf 86' lang='lat' dir='ltr'>qui</span> <span class='ocrx_word' id='word_1_346' title='bbox 207 2978 410 3035; x_wconf 88' lang='lat' dir='ltr'>stipendia</span> <span class='ocrx_word' id='word_1_347' title='bbox 442 2978 647 3024; x_wconf 79' lang='lat' dir='ltr'>dicuntur</span> <span class='ocrx_word' id='word_1_348' title='bbox 665 2982 1070 3038; x_wconf 85' lang='lat' dir='ltr'>Clericorum,quo-·</span> 
     </span>
    </p>

    <p class='ocr_par' dir='ltr' id='par_1_6' title="bbox 57 3039 1074 3522">
     <span class='ocr_line' id='line_1_48' title="bbox 57 3039 1069 3099; baseline -0.001 -15"><span class='ocrx_word' id='word_1_349' title='bbox 57 3043 109 3084; x_wconf 83' lang='lat'>18</span> <span class='ocrx_word' id='word_1_350' title='bbox 125 3039 217 3084; x_wconf 76' lang='lat' dir='ltr'>t&#39;um</span> <span class='ocrx_word' id='word_1_351' title='bbox 231 3054 341 3083; x_wconf 74' lang='lat' dir='ltr'>arma</span> <span class='ocrx_word' id='word_1_352' title='bbox 357 3042 549 3099; x_wconf 85' lang='lat' dir='ltr'>lacrymae</span> <span class='ocrx_word' id='word_1_353' title='bbox 569 3039 679 3089; x_wconf 85' lang='lat' dir='ltr'>sunt,</span> <span class='ocrx_word' id='word_1_354' title='bbox 694 3046 733 3085; x_wconf 90' lang='lat'>&amp;</span> <span class='ocrx_word' id='word_1_355' title='bbox 750 3043 972 3084; x_wconf 84' lang='lat' dir='ltr'>orationes</span> <span class='ocrx_word' id='word_1_356' title='bbox 989 3070 1002 3089; x_wconf 86' lang='lat'>,</span> <span class='ocrx_word' id='word_1_357' title='bbox 1017 3055 1069 3083; x_wconf 85' lang='lat' dir='ltr'>ex</span> 
     </span>
     <span class='ocr_line' id='line_1_49' title="bbox 112 3100 1070 3150; baseline -0.001 -6"><span class='ocrx_word' id='word_1_358' title='bbox 112 3100 323 3144; x_wconf 85' lang='lat' dir='ltr'>sententia</span> <span class='ocrx_word' id='word_1_359' title='bbox 351 3102 452 3145; x_wconf 86' lang='lat' dir='ltr'>Divi</span> <span class='ocrx_word' id='word_1_360' title='bbox 476 3101 688 3145; x_wconf 81' lang='lat' dir='ltr'>Ambrosii</span> <span class='ocrx_word' id='word_1_361' title='bbox 711 3129 724 3150; x_wconf 88' lang='lat'><em>‚</em></span> <span class='ocrx_word' id='word_1_362' title='bbox 752 3102 884 3144; x_wconf 88' lang='lat' dir='ltr'>relata</span> <span class='ocrx_word' id='word_1_363' title='bbox 915 3101 957 3141; x_wconf 80' lang='lat' dir='ltr'>in</span> <span class='ocrx_word' id='word_1_364' title='bbox 972 3106 1070 3143; x_wconf 86' lang='lat' dir='ltr'>Can.</span> 
     </span>
     <span class='ocr_line' id='line_1_50' title="bbox 110 3161 1071 3217; baseline 0 -14"><span class='ocrx_word' id='word_1_365' title='bbox 110 3161 338 3204; x_wconf 80' lang='lat' dir='ltr'>convenior.</span> <span class='ocrx_word' id='word_1_366' title='bbox 364 3175 433 3214; x_wconf 88' lang='lat'>23.</span> <span class='ocrx_word' id='word_1_367' title='bbox 460 3175 500 3217; x_wconf 89' lang='lat' dir='ltr'>q.</span> <span class='ocrx_word' id='word_1_368' title='bbox 535 3165 575 3204; x_wconf 94' lang='lat'>8.</span> <span class='ocrx_word' id='word_1_369' title='bbox 591 3176 678 3203; x_wconf 85' lang='lat' dir='ltr'>can.</span> <span class='ocrx_word' id='word_1_370' title='bbox 695 3173 816 3217; x_wconf 84' lang='lat' dir='ltr'>porro</span> <span class='ocrx_word' id='word_1_371' title='bbox 848 3165 915 3201; x_wconf 81' lang='lat'>16.</span> <span class='ocrx_word' id='word_1_372' title='bbox 943 3176 1009 3216; x_wconf 85' lang='lat' dir='ltr'>qu.</span> <span class='ocrx_word' id='word_1_373' title='bbox 1031 3175 1071 3214; x_wconf 89' lang='lat'>3.</span> 
     </span>
     <span class='ocr_line' id='line_1_51' title="bbox 112 3222 1071 3276; baseline -0.002 -11"><span class='ocrx_word' id='word_1_374' title='bbox 112 3224 211 3276; x_wconf 81' lang='lat' dir='ltr'>Lap.</span> <span class='ocrx_word' id='word_1_375' title='bbox 238 3223 287 3263; x_wconf 87' lang='lat' dir='ltr'>de</span> <span class='ocrx_word' id='word_1_376' title='bbox 302 3223 406 3264; x_wconf 88' lang='lat' dir='ltr'>Bello</span> <span class='ocrx_word' id='word_1_377' title='bbox 424 3252 438 3272; x_wconf 91' lang='lat'>,</span> <span class='ocrx_word' id='word_1_378' title='bbox 459 3222 510 3266; x_wconf 65' lang='grc' dir='ltr'>ὁ·</span> <span class='ocrx_word' id='word_1_379' title='bbox 534 3222 723 3264; x_wconf 85' lang='lat' dir='ltr'>Bellator.</span> <span class='ocrx_word' id='word_1_380' title='bbox 757 3227 796 3271; x_wconf 77' lang='lat' dir='ltr'>S.</span> <span class='ocrx_word' id='word_1_381' title='bbox 813 3222 973 3264; x_wconf 86' lang='lat' dir='ltr'><em>Habeas</em></span> <span class='ocrx_word' id='word_1_382' title='bbox 994 3222 1071 3275; x_wconf 88' lang='lat' dir='ltr'>sub</span> 
     </span>
     <span class='ocr_line' id='line_1_52' title="bbox 113 3281 1069 3339; baseline -0.002 -16"><span class='ocrx_word' id='word_1_383' title='bbox 113 3295 218 3323; x_wconf 82' lang='lat' dir='ltr'>num.</span> <span class='ocrx_word' id='word_1_384' title='bbox 239 3295 276 3325; x_wconf 76' lang='grc' dir='ltr'>ι.</span> <span class='ocrx_word' id='word_1_385' title='bbox 313 3283 418 3325; x_wconf 86' lang='lat' dir='ltr'>Ricc.</span> <span class='ocrx_word' id='word_1_386' title='bbox 453 3283 495 3324; x_wconf 85' lang='lat' dir='ltr'>in</span> <span class='ocrx_word' id='word_1_387' title='bbox 507 3282 638 3339; x_wconf 85' lang='lat' dir='ltr'>praxi</span> <span class='ocrx_word' id='word_1_388' title='bbox 667 3293 801 3324; x_wconf 85' lang='lat' dir='ltr'>rerum</span> <span class='ocrx_word' id='word_1_389' title='bbox 813 3281 904 3334; x_wconf 86' lang='lat' dir='ltr'>fori</span> <span class='ocrx_word' id='word_1_390' title='bbox 931 3282 1069 3335; x_wconf 65' lang='lat' dir='ltr'>Eccless</span> 
     </span>
     <span class='ocr_line' id='line_1_53' title="bbox 111 3341 1072 3400; baseline -0.001 -17"><span class='ocrx_word' id='word_1_391' title='bbox 111 3341 227 3395; x_wconf 82' lang='lat' dir='ltr'>decis.</span> <span class='ocrx_word' id='word_1_392' title='bbox 244 3355 298 3395; x_wconf 88' lang='lat'>37</span> <span class='ocrx_word' id='word_1_393' title='bbox 310 3357 344 3384; x_wconf 84' lang='lat'>1.</span> <span class='ocrx_word' id='word_1_394' title='bbox 363 3358 470 3385; x_wconf 88' lang='lat' dir='ltr'>num.</span> <span class='ocrx_word' id='word_1_395' title='bbox 486 3356 526 3393; x_wconf 89' lang='lat'>4.</span> <span class='ocrx_word' id='word_1_396' title='bbox 542 3342 670 3399; x_wconf 77' lang='lat' dir='ltr'>Graffi</span> <span class='ocrx_word' id='word_1_397' title='bbox 681 3344 729 3384; x_wconf 88' lang='lat' dir='ltr'>de</span> <span class='ocrx_word' id='word_1_398' title='bbox 747 3341 871 3400; x_wconf 67' lang='lat' dir='ltr'>effi-H.</span> <span class='ocrx_word' id='word_1_399' title='bbox 888 3343 1072 3384; x_wconf 81' lang='lat' dir='ltr'>ClericaI.</span> 
     </span>
     <span class='ocr_line' id='line_1_54' title="bbox 113 3399 1072 3459; baseline 0 -16"><span class='ocrx_word' id='word_1_400' title='bbox 113 3399 240 3459; x_wconf 51' lang='lat' dir='ltr'>effici.</span> <span class='ocrx_word' id='word_1_401' title='bbox 259 3417 327 3446; x_wconf 84' lang='lat'>20.</span> <span class='ocrx_word' id='word_1_402' title='bbox 340 3420 443 3448; x_wconf 89' lang='lat' dir='ltr'>num.</span> <span class='ocrx_word' id='word_1_403' title='bbox 460 3419 502 3458; x_wconf 90' lang='lat'>4.</span> <span class='ocrx_word' id='word_1_404' title='bbox 518 3434 530 3453; x_wconf 93' lang='lat'>,</span> <span class='ocrx_word' id='word_1_405' title='bbox 548 3405 708 3445; x_wconf 84' lang='lat' dir='ltr'>Bellett.</span> <span class='ocrx_word' id='word_1_406' title='bbox 726 3403 915 3459; x_wconf 75' lang='lat' dir='ltr'>disquisit.</span> <span class='ocrx_word' id='word_1_407' title='bbox 933 3402 1072 3443; x_wconf 82' lang='lat' dir='ltr'>Cleric-</span> 
     </span>
     <span class='ocr_line' id='line_1_55' title="bbox 106 3461 1074 3522; baseline 0 -20"><span class='ocrx_word' id='word_1_408' title='bbox 106 3474 201 3517; x_wconf 80' lang='lat' dir='ltr'>par.</span> <span class='ocrx_word' id='word_1_409' title='bbox 224 3464 341 3508; x_wconf 61' lang='lat' dir='ltr'>ntit-</span> <span class='ocrx_word' id='word_1_410' title='bbox 351 3466 400 3508; x_wconf 85' lang='lat' dir='ltr'>de</span> <span class='ocrx_word' id='word_1_411' title='bbox 411 3465 599 3522; x_wconf 82' lang='lat' dir='ltr'>disciplin.</span> <span class='ocrx_word' id='word_1_412' title='bbox 616 3461 800 3506; x_wconf 85' lang='lat' dir='ltr'>Clerical.</span> <span class='ocrx_word' id='word_1_413' title='bbox 823 3468 862 3511; x_wconf 86' lang='lat'>§.</span> <span class='ocrx_word' id='word_1_414' title='bbox 881 3475 896 3502; x_wconf 90' lang='lat'>1</span> <span class='ocrx_word' id='word_1_415' title='bbox 909 3464 949 3505; x_wconf 92' lang='lat'>8.</span> <span class='ocrx_word' id='word_1_416' title='bbox 963 3476 1074 3513; x_wconf 89' lang='lat' dir='ltr'>nu.9.</span> 
     </span>
    </p>
   </div>
   <div class='ocr_carea' id='block_1_4' title="bbox 402 145 1665 235">
    <p class='ocr_par' dir='ltr' id='par_1_7' title="bbox 402 145 1665 235">
     <span class='ocr_line' id='line_1_56' title="bbox 402 145 1665 235; baseline 0 -24"><span class='ocrx_word' id='word_1_417' title='bbox 402 149 502 211; x_wconf 85' lang='lat' dir='ltr'>De</span> <span class='ocrx_word' id='word_1_418' title='bbox 515 147 728 235; x_wconf 86' lang='lat' dir='ltr'>Jurep.</span> <span class='ocrx_word' id='word_1_419' title='bbox 752 145 1132 212; x_wconf 84' lang='lat' dir='ltr'>Par.II.Can.</span> <span class='ocrx_word' id='word_1_420' title='bbox 1156 148 1408 215; x_wconf 85' lang='lat' dir='ltr'>XXVII.</span> <span class='ocrx_word' id='word_1_421' title='bbox 1429 147 1571 214; x_wconf 86' lang='lat' dir='ltr'>Cas.</span> <span class='ocrx_word' id='word_1_422' title='bbox 1591 150 1665 214; x_wconf 93' lang='lat'>11.</span> 
     </span>
    </p>
   </div>
   <div class='ocr_carea' id='block_1_5' title="bbox 1133 266 2167 3562">
    <p class='ocr_par' dir='ltr' id='par_1_8' title="bbox 1199 266 2164 508">
     <span class='ocr_line' id='line_1_57' title="bbox 1258 266 2164 324; baseline 0.004 -17"><span class='ocrx_word' id='word_1_423' title='bbox 1258 267 1320 307; x_wconf 79' lang='lat' dir='ltr'>Ex</span> <span class='ocrx_word' id='word_1_424' title='bbox 1346 280 1430 324; x_wconf 86' lang='lat' dir='ltr'>qua</span> <span class='ocrx_word' id='word_1_425' title='bbox 1446 267 1555 309; x_wconf 79' lang='lat' dir='ltr'>adeo</span> <span class='ocrx_word' id='word_1_426' title='bbox 1582 267 1805 317; x_wconf 88' lang='lat' dir='ltr'>evidenti,</span> <span class='ocrx_word' id='word_1_427' title='bbox 1840 266 2164 315; x_wconf 63' lang='lat' dir='ltr'>&amp;inescusibilt</span> 
     </span>
     <span class='ocr_line' id='line_1_58' title="bbox 1211 327 2162 382; baseline 0.003 -15"><span class='ocrx_word' id='word_1_428' title='bbox 1211 327 1623 382; x_wconf 85' lang='lat' dir='ltr'>incompatibilitate</span> <span class='ocrx_word' id='word_1_429' title='bbox 1654 330 1765 370; x_wconf 89' lang='lat' dir='ltr'>inter</span> <span class='ocrx_word' id='word_1_430' title='bbox 1788 343 1909 371; x_wconf 84' lang='lat' dir='ltr'>vnam</span> <span class='ocrx_word' id='word_1_431' title='bbox 1944 357 1956 377; x_wconf 89' lang='lat'>‚</span> <span class='ocrx_word' id='word_1_432' title='bbox 2000 333 2039 371; x_wconf 88' lang='lat'>&amp;</span> <span class='ocrx_word' id='word_1_433' title='bbox 2055 330 2162 370; x_wconf 84' lang='lat' dir='ltr'>alte-</span> 
     </span>
     <span class='ocr_line' id='line_1_59' title="bbox 1202 387 2162 444; baseline 0.006 -18"><span class='ocrx_word' id='word_1_434' title='bbox 1202 400 1290 427; x_wconf 87' lang='lat' dir='ltr'>ram</span> <span class='ocrx_word' id='word_1_435' title='bbox 1319 388 1514 429; x_wconf 86' lang='lat' dir='ltr'>militiam</span> <span class='ocrx_word' id='word_1_436' title='bbox 1542 387 1868 431; x_wconf 81' lang='lat' dir='ltr'>Ecclesiastieam</span> <span class='ocrx_word' id='word_1_437' title='bbox 1898 403 2049 444; x_wconf 85' lang='lat' dir='ltr'>nempe</span> <span class='ocrx_word' id='word_1_438' title='bbox 2077 418 2090 437; x_wconf 81' lang='lat'>,</span> <span class='ocrx_word' id='word_1_439' title='bbox 2120 392 2162 432; x_wconf 80' lang='grc' dir='ltr'>δε</span> 
     </span>
     <span class='ocr_line' id='line_1_60' title="bbox 1199 445 2162 508; baseline 0.004 -21"><span class='ocrx_word' id='word_1_440' title='bbox 1199 447 1438 489; x_wconf 86' lang='lat' dir='ltr'>Secularem</span> <span class='ocrx_word' id='word_1_441' title='bbox 1463 445 1684 490; x_wconf 88' lang='lat' dir='ltr'>descendit</span> <span class='ocrx_word' id='word_1_442' title='bbox 1700 477 1712 497; x_wconf 87' lang='lat'>‚</span> <span class='ocrx_word' id='word_1_443' title='bbox 1744 451 1862 508; x_wconf 80' lang='lat' dir='ltr'>quod</span> <span class='ocrx_word' id='word_1_444' title='bbox 1893 451 2088 491; x_wconf 85' lang='lat' dir='ltr'>Clericus</span> <span class='ocrx_word' id='word_1_445' title='bbox 2107 450 2162 491; x_wconf 87' lang='lat' dir='ltr'>ad</span> 
     </span>
    </p>

    <p class='ocr_par' dir='ltr' id='par_1_9' title="bbox 1143 506 2164 1047">
     <span class='ocr_line' id='line_1_61' title="bbox 1143 506 2164 564; baseline 0.007 -20"><span class='ocrx_word' id='word_1_446' title='bbox 1143 516 1194 555; x_wconf 93' lang='lat'>19</span> <span class='ocrx_word' id='word_1_447' title='bbox 1211 506 1361 547; x_wconf 87' lang='lat' dir='ltr'>Saeculi</span> <span class='ocrx_word' id='word_1_448' title='bbox 1376 508 1574 549; x_wconf 84' lang='lat' dir='ltr'>militaria</span> <span class='ocrx_word' id='word_1_449' title='bbox 1598 509 1801 564; x_wconf 86' lang='lat' dir='ltr'>stipendia</span> <span class='ocrx_word' id='word_1_450' title='bbox 1822 511 2027 552; x_wconf 82' lang='lat' dir='ltr'>accedens</span> <span class='ocrx_word' id='word_1_451' title='bbox 2043 539 2056 558; x_wconf 87' lang='lat'>,</span> <span class='ocrx_word' id='word_1_452' title='bbox 2085 511 2164 551; x_wconf 86' lang='lat' dir='ltr'>Ec-</span> 
     </span>
     <span class='ocr_line' id='line_1_62' title="bbox 1201 566 2160 625; baseline 0.003 -17"><span class='ocrx_word' id='word_1_453' title='bbox 1201 566 1439 609; x_wconf 80' lang='lat' dir='ltr'>clefiasticis</span> <span class='ocrx_word' id='word_1_454' title='bbox 1475 569 1671 610; x_wconf 84' lang='lat' dir='ltr'>omnibus</span> <span class='ocrx_word' id='word_1_455' title='bbox 1692 571 1973 624; x_wconf 85' lang='lat' dir='ltr'>proventibus</span> <span class='ocrx_word' id='word_1_456' title='bbox 1992 567 2081 625; x_wconf 91' lang='lat' dir='ltr'>ipso</span> <span class='ocrx_word' id='word_1_457' title='bbox 2097 570 2160 622; x_wconf 80' lang='lat' dir='ltr'>ju-</span> 
     </span>
     <span class='ocr_line' id='line_1_63' title="bbox 1199 625 2157 686; baseline 0.002 -17"><span class='ocrx_word' id='word_1_458' title='bbox 1199 641 1270 675; x_wconf 86' lang='lat' dir='ltr'>re,</span> <span class='ocrx_word' id='word_1_459' title='bbox 1296 631 1335 669; x_wconf 90' lang='lat'>&amp;</span> <span class='ocrx_word' id='word_1_460' title='bbox 1351 625 1509 686; x_wconf 87' lang='lat' dir='ltr'>absque</span> <span class='ocrx_word' id='word_1_461' title='bbox 1528 629 1614 669; x_wconf 77' lang='lat' dir='ltr'>ulla</span> <span class='ocrx_word' id='word_1_462' title='bbox 1629 630 1886 683; x_wconf 70' lang='lat' dir='ltr'>praecedenti</span> <span class='ocrx_word' id='word_1_463' title='bbox 1917 632 2157 672; x_wconf 84' lang='lat' dir='ltr'>monitione</span> 
     </span>
     <span class='ocr_line' id='line_1_64' title="bbox 1197 689 2155 744; baseline 0.001 -15"><span class='ocrx_word' id='word_1_464' title='bbox 1197 689 1388 744; x_wconf 86' lang='lat' dir='ltr'>privatus</span> <span class='ocrx_word' id='word_1_465' title='bbox 1405 701 1596 731; x_wconf 86' lang='lat' dir='ltr'>remanet</span> <span class='ocrx_word' id='word_1_466' title='bbox 1610 717 1622 736; x_wconf 88' lang='lat'>‚</span> <span class='ocrx_word' id='word_1_467' title='bbox 1653 689 1769 740; x_wconf 84' lang='lat' dir='ltr'>juxta</span> <span class='ocrx_word' id='word_1_468' title='bbox 1785 690 1884 742; x_wconf 78' lang='lat' dir='ltr'>Glos.</span> <span class='ocrx_word' id='word_1_469' title='bbox 1899 690 2155 729; x_wconf 84' lang='lat' dir='ltr'>communiter</span> 
     </span>
     <span class='ocr_line' id='line_1_65' title="bbox 1193 750 2158 804; baseline 0.001 -16"><span class='ocrx_word' id='word_1_470' title='bbox 1193 760 1390 802; x_wconf 82' lang='lat' dir='ltr'>receptam</span> <span class='ocrx_word' id='word_1_471' title='bbox 1416 750 1458 790; x_wconf 88' lang='lat' dir='ltr'>in</span> <span class='ocrx_word' id='word_1_472' title='bbox 1486 762 1568 803; x_wconf 86' lang='lat' dir='ltr'>cap.</span> <span class='ocrx_word' id='word_1_473' title='bbox 1574 750 1699 804; x_wconf 83' lang='lat' dir='ltr'>final.</span> <span class='ocrx_word' id='word_1_474' title='bbox 1729 750 1841 792; x_wconf 82' lang='lat' dir='ltr'>verb.</span> <span class='ocrx_word' id='word_1_475' title='bbox 1862 750 2056 790; x_wconf 81' lang='lat' dir='ltr'>redierint</span> <span class='ocrx_word' id='word_1_476' title='bbox 2071 750 2158 793; x_wconf 61' lang='lat' dir='ltr'>de„</span> 
     </span>
     <span class='ocr_line' id='line_1_66' title="bbox 1197 808 2162 865; baseline -0.001 -15"><span class='ocrx_word' id='word_1_477' title='bbox 1197 808 1338 850; x_wconf 85' lang='lat' dir='ltr'>Cleric.</span> <span class='ocrx_word' id='word_1_478' title='bbox 1368 824 1442 851; x_wconf 89' lang='lat' dir='ltr'>non</span> <span class='ocrx_word' id='word_1_479' title='bbox 1468 810 1583 865; x_wconf 80' lang='lat' dir='ltr'>resid.</span> <span class='ocrx_word' id='word_1_480' title='bbox 1601 810 1660 851; x_wconf 87' lang='lat' dir='ltr'>ibi</span> <span class='ocrx_word' id='word_1_481' title='bbox 1687 810 1850 864; x_wconf 86' lang='lat' dir='ltr'>--super</span> <span class='ocrx_word' id='word_1_482' title='bbox 1866 812 1933 852; x_wconf 87' lang='lat' dir='ltr'>hoc</span> <span class='ocrx_word' id='word_1_483' title='bbox 1947 820 2079 851; x_wconf 85' lang='lat' dir='ltr'>tamen</span> <span class='ocrx_word' id='word_1_484' title='bbox 2098 809 2162 850; x_wconf 71' lang='lat' dir='ltr'>di-</span> 
     </span>
     <span class='ocr_line' id='line_1_67' title="bbox 1196 868 2157 926; baseline 0.001 -17"><span class='ocrx_word' id='word_1_485' title='bbox 1196 868 1352 925; x_wconf 70' lang='lat' dir='ltr'>stinguo</span> <span class='ocrx_word' id='word_1_486' title='bbox 1368 899 1382 918; x_wconf 86' lang='lat'>,</span> <span class='ocrx_word' id='word_1_487' title='bbox 1408 870 1505 926; x_wconf 84' lang='lat' dir='ltr'>quia</span> <span class='ocrx_word' id='word_1_488' title='bbox 1527 881 1598 911; x_wconf 90' lang='lat' dir='ltr'>aut</span> <span class='ocrx_word' id='word_1_489' title='bbox 1625 871 1742 911; x_wconf 83' lang='lat' dir='ltr'>habet</span> <span class='ocrx_word' id='word_1_490' title='bbox 1778 871 1940 925; x_wconf 51' lang='lat' dir='ltr'>Ecclesia</span> <span class='ocrx_word' id='word_1_491' title='bbox 1970 885 2057 911; x_wconf 87' lang='lat' dir='ltr'>eum</span> <span class='ocrx_word' id='word_1_492' title='bbox 2083 882 2157 924; x_wconf 89' lang='lat' dir='ltr'>pro</span> 
     </span>
     <span class='ocr_line' id='line_1_68' title="bbox 1197 929 2158 984; baseline 0.001 -15"><span class='ocrx_word' id='word_1_493' title='bbox 1197 929 1385 971; x_wconf 63' lang='lat' dir='ltr'>derelicto</span> <span class='ocrx_word' id='word_1_494' title='bbox 1399 958 1413 978; x_wconf 88' lang='lat'>‚</span> <span class='ocrx_word' id='word_1_495' title='bbox 1436 941 1507 972; x_wconf 78' lang='lat' dir='ltr'>aut</span> <span class='ocrx_word' id='word_1_496' title='bbox 1525 944 1598 971; x_wconf 90' lang='lat' dir='ltr'>non</span> <span class='ocrx_word' id='word_1_497' title='bbox 1619 958 1631 978; x_wconf 86' lang='lat'>,</span> <span class='ocrx_word' id='word_1_498' title='bbox 1647 931 1815 984; x_wconf 80' lang='lat' dir='ltr'>sthabet</span> <span class='ocrx_word' id='word_1_499' title='bbox 1826 946 1913 971; x_wconf 86' lang='lat' dir='ltr'>eum</span> <span class='ocrx_word' id='word_1_500' title='bbox 1924 943 1993 984; x_wconf 84' lang='lat' dir='ltr'>pro</span> <span class='ocrx_word' id='word_1_501' title='bbox 2011 930 2158 972; x_wconf 86' lang='lat' dir='ltr'>dereli-</span> 
     </span>
     <span class='ocr_line' id='line_1_69' title="bbox 1193 989 2160 1047; baseline 0 -17"><span class='ocrx_word' id='word_1_502' title='bbox 1193 989 1255 1030; x_wconf 73' lang='grc' dir='ltr'>έῖο</span> <span class='ocrx_word' id='word_1_503' title='bbox 1266 1001 1386 1044; x_wconf 76' lang='lat' dir='ltr'>,puta</span> <span class='ocrx_word' id='word_1_504' title='bbox 1404 990 1501 1047; x_wconf 86' lang='lat' dir='ltr'>quia</span> <span class='ocrx_word' id='word_1_505' title='bbox 1513 993 1722 1032; x_wconf 79' lang='lat' dir='ltr'>contraxit</span> <span class='ocrx_word' id='word_1_506' title='bbox 1738 991 2032 1032; x_wconf 82' lang='lat' dir='ltr'>matrimonium</span> <span class='ocrx_word' id='word_1_507' title='bbox 2048 1021 2060 1039; x_wconf 87' lang='lat'>,</span> <span class='ocrx_word' id='word_1_508' title='bbox 2087 989 2160 1032; x_wconf 82' lang='lat' dir='ltr'>vel</span> 
     </span>
    </p>

    <p class='ocr_par' dir='ltr' id='par_1_10' title="bbox 1178 1049 2158 1104">
     <span class='ocr_line' id='line_1_70' title="bbox 1178 1049 2158 1104; baseline 0.001 -14"><span class='ocrx_word' id='word_1_509' title='bbox 1178 1049 1321 1104; x_wconf 58' lang='lat' dir='ltr'>salius</span> <span class='ocrx_word' id='word_1_510' title='bbox 1339 1050 1390 1100; x_wconf 81' lang='lat' dir='ltr'>est</span> <span class='ocrx_word' id='word_1_511' title='bbox 1406 1051 1517 1091; x_wconf 86' lang='lat' dir='ltr'>miles</span> <span class='ocrx_word' id='word_1_512' title='bbox 1532 1050 1618 1094; x_wconf 79' lang='lat' dir='ltr'>&amp;c.</span> <span class='ocrx_word' id='word_1_513' title='bbox 1647 1052 1735 1093; x_wconf 73' lang='lat' dir='ltr'>cum</span> <span class='ocrx_word' id='word_1_514' title='bbox 1751 1053 1799 1092; x_wconf 87' lang='lat' dir='ltr'>de</span> <span class='ocrx_word' id='word_1_515' title='bbox 1816 1053 1883 1093; x_wconf 83' lang='lat' dir='ltr'>hoc</span> <span class='ocrx_word' id='word_1_516' title='bbox 1910 1050 2129 1102; x_wconf 85' lang='lat' dir='ltr'>constiterit</span> <span class='ocrx_word' id='word_1_517' title='bbox 2145 1067 2158 1096; x_wconf 71' lang='grc' dir='ltr'>ς</span> 
     </span>
    </p>

    <p class='ocr_par' dir='ltr' id='par_1_11' title="bbox 1185 1110 2165 2067">
     <span class='ocr_line' id='line_1_71' title="bbox 1196 1110 2156 1169; baseline -0.002 -17"><span class='ocrx_word' id='word_1_518' title='bbox 1196 1111 1398 1167; x_wconf 66' lang='lat' dir='ltr'>Epg&#39;scopus</span> <span class='ocrx_word' id='word_1_519' title='bbox 1409 1111 1551 1163; x_wconf 84' lang='lat' dir='ltr'>statim</span> <span class='ocrx_word' id='word_1_520' title='bbox 1560 1111 1683 1166; x_wconf 68' lang='lat' dir='ltr'>potest</span> <span class='ocrx_word' id='word_1_521' title='bbox 1703 1114 1907 1169; x_wconf 78' lang='lat' dir='ltr'>Ecclesiam</span> <span class='ocrx_word' id='word_1_522' title='bbox 1933 1112 2046 1154; x_wconf 79' lang='lat' dir='ltr'>illam</span> <span class='ocrx_word' id='word_1_523' title='bbox 2060 1110 2156 1153; x_wconf 83' lang='lat' dir='ltr'>aliis</span> 
     </span>
     <span class='ocr_line' id='line_1_72' title="bbox 1195 1172 2162 1227; baseline 0 -15"><span class='ocrx_word' id='word_1_524' title='bbox 1195 1172 1371 1224; x_wconf 86' lang='lat' dir='ltr'>conferre</span> <span class='ocrx_word' id='word_1_525' title='bbox 1388 1172 1623 1226; x_wconf 57' lang='lat' dir='ltr'>&amp;afimrb</span> <span class='ocrx_word' id='word_1_526' title='bbox 1643 1189 1718 1214; x_wconf 89' lang='lat' dir='ltr'>non</span> <span class='ocrx_word' id='word_1_527' title='bbox 1734 1173 1851 1214; x_wconf 83' lang='lat' dir='ltr'>habet</span> <span class='ocrx_word' id='word_1_528' title='bbox 1866 1187 1950 1214; x_wconf 85' lang='lat' dir='ltr'>eum</span> <span class='ocrx_word' id='word_1_529' title='bbox 1958 1185 2032 1227; x_wconf 85' lang='lat' dir='ltr'>pro</span> <span class='ocrx_word' id='word_1_530' title='bbox 2047 1173 2162 1214; x_wconf 85' lang='lat' dir='ltr'>dere-</span> 
     </span>
     <span class='ocr_line' id='line_1_73' title="bbox 1194 1232 2160 1296; baseline 0.003 -25"><span class='ocrx_word' id='word_1_531' title='bbox 1194 1232 1287 1273; x_wconf 62' lang='lat' dir='ltr'>litto</span> <span class='ocrx_word' id='word_1_532' title='bbox 1305 1235 1518 1274; x_wconf 86' lang='lat' dir='ltr'>monendus</span> <span class='ocrx_word' id='word_1_533' title='bbox 1533 1233 1583 1287; x_wconf 75' lang='lat' dir='ltr'>est</span> <span class='ocrx_word' id='word_1_534' title='bbox 1608 1259 1651 1267; x_wconf 90' lang='lat'>--</span> <span class='ocrx_word' id='word_1_535' title='bbox 1677 1238 1716 1276; x_wconf 90' lang='lat'>&amp;</span> <span class='ocrx_word' id='word_1_536' title='bbox 1734 1235 1906 1276; x_wconf 83' lang='lat' dir='ltr'>tradunt</span> <span class='ocrx_word' id='word_1_537' title='bbox 1926 1232 2160 1296; x_wconf 46' lang='lat' dir='ltr'>Qerada„</span> 
     </span>
     <span class='ocr_line' id='line_1_74' title="bbox 1193 1293 2158 1347; baseline 0 -16"><span class='ocrx_word' id='word_1_538' title='bbox 1193 1304 1376 1334; x_wconf 86' lang='lat' dir='ltr'>controv.</span> <span class='ocrx_word' id='word_1_539' title='bbox 1392 1293 1546 1347; x_wconf 85' lang='lat' dir='ltr'>forens.</span> <span class='ocrx_word' id='word_1_540' title='bbox 1560 1307 1630 1342; x_wconf 85' lang='lat'>29.</span> <span class='ocrx_word' id='word_1_541' title='bbox 1663 1307 1851 1346; x_wconf 78' lang='lat' dir='ltr'>num-43.</span> <span class='ocrx_word' id='word_1_542' title='bbox 1880 1293 2158 1335; x_wconf 75' lang='lat' dir='ltr'>ciartin.c0n-</span> 
     </span>
     <span class='ocr_line' id='line_1_75' title="bbox 1193 1351 2160 1409; baseline 0.002 -16"><span class='ocrx_word' id='word_1_543' title='bbox 1193 1353 1475 1406; x_wconf 85' lang='lat' dir='ltr'>trov.forens.</span> <span class='ocrx_word' id='word_1_544' title='bbox 1493 1354 1561 1395; x_wconf 90' lang='lat' dir='ltr'>lib.</span> <span class='ocrx_word' id='word_1_545' title='bbox 1584 1367 1617 1394; x_wconf 90' lang='lat'>1.</span> <span class='ocrx_word' id='word_1_546' title='bbox 1646 1359 1730 1409; x_wconf 82' lang='lat' dir='ltr'>cap.</span> <span class='ocrx_word' id='word_1_547' title='bbox 1752 1360 1823 1406; x_wconf 87' lang='lat'>36.</span> <span class='ocrx_word' id='word_1_548' title='bbox 1844 1369 1950 1394; x_wconf 90' lang='lat' dir='ltr'>num.</span> <span class='ocrx_word' id='word_1_549' title='bbox 1977 1366 2078 1406; x_wconf 84' lang='lat'>43.,</span> <span class='ocrx_word' id='word_1_550' title='bbox 2109 1351 2160 1395; x_wconf 62' lang='grc' dir='ltr'>ό·</span> 
     </span>
     <span class='ocr_line' id='line_1_76' title="bbox 1195 1412 2161 1471; baseline 0 -18"><span class='ocrx_word' id='word_1_551' title='bbox 1195 1412 1264 1453; x_wconf 88' lang='lat' dir='ltr'>lib.</span> <span class='ocrx_word' id='word_1_552' title='bbox 1284 1426 1322 1452; x_wconf 89' lang='lat'>2.</span> <span class='ocrx_word' id='word_1_553' title='bbox 1342 1426 1425 1467; x_wconf 89' lang='lat' dir='ltr'>cap.</span> <span class='ocrx_word' id='word_1_554' title='bbox 1450 1418 1545 1467; x_wconf 85' lang='lat'>136.</span> <span class='ocrx_word' id='word_1_555' title='bbox 1563 1429 1669 1455; x_wconf 87' lang='lat' dir='ltr'>num.</span> <span class='ocrx_word' id='word_1_556' title='bbox 1692 1427 1747 1464; x_wconf 86' lang='lat'>5.‚</span> <span class='ocrx_word' id='word_1_557' title='bbox 1766 1415 1815 1457; x_wconf 67' lang='grc' dir='ltr'>ὠ·</span> <span class='ocrx_word' id='word_1_558' title='bbox 1833 1419 1874 1455; x_wconf 91' lang='grc'>6.</span> <span class='ocrx_word' id='word_1_559' title='bbox 1892 1414 1981 1471; x_wconf 80' lang='lat' dir='ltr'>Gig.</span> <span class='ocrx_word' id='word_1_560' title='bbox 1998 1412 2161 1467; x_wconf 75' lang='lat' dir='ltr'>clepens.</span> 
     </span>
     <span class='ocr_line' id='line_1_77' title="bbox 1194 1475 2156 1528; baseline 0.001 -16"><span class='ocrx_word' id='word_1_561' title='bbox 1194 1482 1263 1527; x_wconf 84' lang='lat' dir='ltr'>qu.</span> <span class='ocrx_word' id='word_1_562' title='bbox 1284 1485 1302 1521; x_wconf 93' lang='lat'><em>5</em></span> <span class='ocrx_word' id='word_1_563' title='bbox 1315 1485 1353 1523; x_wconf 89' lang='lat'>5.</span> <span class='ocrx_word' id='word_1_564' title='bbox 1369 1487 1517 1514; x_wconf 87' lang='lat' dir='ltr'>num.2.</span> <span class='ocrx_word' id='word_1_565' title='bbox 1532 1475 1694 1518; x_wconf 81' lang='lat' dir='ltr'>Ricciul.</span> <span class='ocrx_word' id='word_1_566' title='bbox 1708 1476 1755 1516; x_wconf 87' lang='lat' dir='ltr'>de</span> <span class='ocrx_word' id='word_1_567' title='bbox 1761 1476 1849 1527; x_wconf 84' lang='lat' dir='ltr'>jur.</span> <span class='ocrx_word' id='word_1_568' title='bbox 1854 1476 2012 1528; x_wconf 84' lang='lat' dir='ltr'>person.</span> <span class='ocrx_word' id='word_1_569' title='bbox 2028 1485 2156 1516; x_wconf 86' lang='lat' dir='ltr'>extra</span> 
     </span>
     <span class='ocr_line' id='line_1_78' title="bbox 1190 1531 2158 1590; baseline 0.002 -17"><span class='ocrx_word' id='word_1_570' title='bbox 1190 1547 1318 1589; x_wconf 84' lang='lat' dir='ltr'>grem.</span> <span class='ocrx_word' id='word_1_571' title='bbox 1340 1534 1478 1586; x_wconf 74' lang='lat' dir='ltr'>Ecclest</span> <span class='ocrx_word' id='word_1_572' title='bbox 1507 1534 1575 1575; x_wconf 86' lang='lat' dir='ltr'>lib.</span> <span class='ocrx_word' id='word_1_573' title='bbox 1594 1548 1634 1583; x_wconf 87' lang='lat'>7.</span> <span class='ocrx_word' id='word_1_574' title='bbox 1662 1548 1747 1590; x_wconf 84' lang='lat' dir='ltr'>cap.</span> <span class='ocrx_word' id='word_1_575' title='bbox 1768 1549 1808 1586; x_wconf 93' lang='lat'>5.</span> <span class='ocrx_word' id='word_1_576' title='bbox 1839 1549 1946 1577; x_wconf 89' lang='lat' dir='ltr'>num.</span> <span class='ocrx_word' id='word_1_577' title='bbox 1974 1548 2038 1586; x_wconf 87' lang='lat'>14.</span> <span class='ocrx_word' id='word_1_578' title='bbox 2056 1562 2070 1583; x_wconf 88' lang='lat'>‚</span> <span class='ocrx_word' id='word_1_579' title='bbox 2107 1531 2158 1575; x_wconf 58' lang='grc' dir='ltr'><em>ὰ</em></span> 
     </span>
     <span class='ocr_line' id='line_1_79' title="bbox 1185 1593 2156 1652; baseline -0.001 -18"><span class='ocrx_word' id='word_1_580' title='bbox 1185 1598 1301 1652; x_wconf 86' lang='lat' dir='ltr'>seqq.</span> <span class='ocrx_word' id='word_1_581' title='bbox 1316 1593 1357 1634; x_wconf 82' lang='lat' dir='ltr'><em>T</em></span> <span class='ocrx_word' id='word_1_582' title='bbox 1352 1594 1489 1636; x_wconf 86' lang='lat' dir='ltr'>ondut.</span> <span class='ocrx_word' id='word_1_583' title='bbox 1505 1595 1551 1634; x_wconf 87' lang='lat' dir='ltr'>de</span> <span class='ocrx_word' id='word_1_584' title='bbox 1560 1599 1729 1651; x_wconf 80' lang='lat' dir='ltr'>pension.</span> <span class='ocrx_word' id='word_1_585' title='bbox 1749 1609 1833 1651; x_wconf 85' lang='lat' dir='ltr'>cap.</span> <span class='ocrx_word' id='word_1_586' title='bbox 1851 1608 1922 1647; x_wconf 92' lang='lat'>77.</span> <span class='ocrx_word' id='word_1_587' title='bbox 1952 1609 2059 1636; x_wconf 89' lang='lat' dir='ltr'>num.</span> <span class='ocrx_word' id='word_1_588' title='bbox 2086 1606 2101 1633; x_wconf 89' lang='lat'>1</span> <span class='ocrx_word' id='word_1_589' title='bbox 2112 1594 2156 1634; x_wconf 91' lang='lat'>8.</span> 
     </span>
     <span class='ocr_line' id='line_1_80' title="bbox 1196 1655 2163 1710; baseline -0.002 -14"><span class='ocrx_word' id='word_1_590' title='bbox 1196 1659 1325 1696; x_wconf 85' lang='lat' dir='ltr'>Garz.</span> <span class='ocrx_word' id='word_1_591' title='bbox 1352 1655 1399 1695; x_wconf 84' lang='lat' dir='ltr'>de</span> <span class='ocrx_word' id='word_1_592' title='bbox 1415 1655 1583 1709; x_wconf 82' lang='lat' dir='ltr'>Benefic.</span> <span class='ocrx_word' id='word_1_593' title='bbox 1611 1667 1726 1709; x_wconf 87' lang='lat' dir='ltr'>part.</span> <span class='ocrx_word' id='word_1_594' title='bbox 1749 1669 1785 1697; x_wconf 87' lang='lat'>1.</span> <span class='ocrx_word' id='word_1_595' title='bbox 1802 1668 1887 1710; x_wconf 83' lang='lat' dir='ltr'>cap.</span> <span class='ocrx_word' id='word_1_596' title='bbox 1911 1670 1950 1706; x_wconf 91' lang='lat'>5.</span> <span class='ocrx_word' id='word_1_597' title='bbox 1967 1671 2070 1696; x_wconf 89' lang='lat' dir='ltr'>num.</span> <span class='ocrx_word' id='word_1_598' title='bbox 2097 1667 2163 1695; x_wconf 86' lang='lat'>11.</span> 
     </span>
     <span class='ocr_line' id='line_1_81' title="bbox 1190 1713 2164 1770; baseline -0.001 -15"><span class='ocrx_word' id='word_1_599' title='bbox 1190 1715 1350 1768; x_wconf 72' lang='lat' dir='ltr'>Barbas.</span> <span class='ocrx_word' id='word_1_600' title='bbox 1382 1715 1429 1755; x_wconf 88' lang='lat' dir='ltr'>de</span> <span class='ocrx_word' id='word_1_601' title='bbox 1444 1714 1539 1769; x_wconf 89' lang='lat' dir='ltr'>offic.</span> <span class='ocrx_word' id='word_1_602' title='bbox 1561 1713 1611 1758; x_wconf 64' lang='grc' dir='ltr'>ὁ·</span> <span class='ocrx_word' id='word_1_603' title='bbox 1622 1715 1761 1770; x_wconf 82' lang='lat' dir='ltr'>potest.</span> <span class='ocrx_word' id='word_1_604' title='bbox 1787 1715 1909 1769; x_wconf 71' lang='lat' dir='ltr'>Epifc.</span> <span class='ocrx_word' id='word_1_605' title='bbox 1917 1728 2005 1769; x_wconf 84' lang='lat' dir='ltr'>par.</span> <span class='ocrx_word' id='word_1_606' title='bbox 2024 1729 2064 1768; x_wconf 88' lang='lat'>3.</span> <span class='ocrx_word' id='word_1_607' title='bbox 2098 1714 2164 1755; x_wconf 83' lang='lat' dir='ltr'>al-</span> 
     </span>
     <span class='ocr_line' id='line_1_82' title="bbox 1190 1774 2161 1834; baseline -0.001 -19"><span class='ocrx_word' id='word_1_608' title='bbox 1190 1774 1264 1832; x_wconf 86' lang='lat' dir='ltr'>leg.</span> <span class='ocrx_word' id='word_1_609' title='bbox 1286 1787 1304 1822; x_wconf 88' lang='lat'><em>5</em></span> <span class='ocrx_word' id='word_1_610' title='bbox 1316 1788 1357 1825; x_wconf 93' lang='lat'>7.</span> <span class='ocrx_word' id='word_1_611' title='bbox 1379 1789 1511 1815; x_wconf 65' lang='lat' dir='ltr'>numn</span> <span class='ocrx_word' id='word_1_612' title='bbox 1527 1779 1593 1816; x_wconf 89' lang='lat'>16.</span> <span class='ocrx_word' id='word_1_613' title='bbox 1611 1775 1661 1818; x_wconf 77' lang='lat'>&amp;¹</span> <span class='ocrx_word' id='word_1_614' title='bbox 1677 1776 1724 1816; x_wconf 89' lang='lat' dir='ltr'>de</span> <span class='ocrx_word' id='word_1_615' title='bbox 1741 1777 1846 1834; x_wconf 62' lang='lat' dir='ltr'>&#39;‘Jur.</span> <span class='ocrx_word' id='word_1_616' title='bbox 1862 1776 2104 1828; x_wconf 73' lang='lat' dir='ltr'>Ecclqfipar.</span> <span class='ocrx_word' id='word_1_617' title='bbox 2119 1788 2161 1827; x_wconf 84' lang='lat'>3.</span> 
     </span>
     <span class='ocr_line' id='line_1_83' title="bbox 1194 1836 2165 1889; baseline 0.001 -14"><span class='ocrx_word' id='word_1_618' title='bbox 1194 1848 1280 1889; x_wconf 80' lang='lat' dir='ltr'>cap.</span> <span class='ocrx_word' id='word_1_619' title='bbox 1291 1849 1304 1874; x_wconf 92' lang='lat'>1</span> <span class='ocrx_word' id='word_1_620' title='bbox 1315 1849 1356 1886; x_wconf 89' lang='lat'>4.</span> <span class='ocrx_word' id='word_1_621' title='bbox 1375 1850 1479 1876; x_wconf 92' lang='lat' dir='ltr'>num.</span> <span class='ocrx_word' id='word_1_622' title='bbox 1486 1849 1507 1887; x_wconf 84' lang='lat'><em>3</em></span> <span class='ocrx_word' id='word_1_623' title='bbox 1521 1849 1556 1876; x_wconf 87' lang='lat'>1.</span> <span class='ocrx_word' id='word_1_624' title='bbox 1571 1836 1754 1879; x_wconf 86' lang='lat' dir='ltr'>Galerat.</span> <span class='ocrx_word' id='word_1_625' title='bbox 1769 1837 1817 1876; x_wconf 88' lang='lat' dir='ltr'>de</span> <span class='ocrx_word' id='word_1_626' title='bbox 1832 1836 2057 1877; x_wconf 84' lang='lat' dir='ltr'>renunciat.</span> <span class='ocrx_word' id='word_1_627' title='bbox 2074 1849 2165 1876; x_wconf 87' lang='lat' dir='ltr'>cen-</span> 
     </span>
     <span class='ocr_line' id='line_1_84' title="bbox 1191 1896 2165 1948; baseline -0.002 -12"><span class='ocrx_word' id='word_1_628' title='bbox 1191 1905 1279 1936; x_wconf 86' lang='lat' dir='ltr'>tur.</span> <span class='ocrx_word' id='word_1_629' title='bbox 1301 1908 1336 1935; x_wconf 84' lang='lat'>1.</span> <span class='ocrx_word' id='word_1_630' title='bbox 1355 1897 1578 1936; x_wconf 86' lang='lat' dir='ltr'>renunciat.</span> <span class='ocrx_word' id='word_1_631' title='bbox 1595 1908 1664 1948; x_wconf 86' lang='lat'>31.</span> <span class='ocrx_word' id='word_1_632' title='bbox 1686 1910 1790 1937; x_wconf 89' lang='lat' dir='ltr'>num.</span> <span class='ocrx_word' id='word_1_633' title='bbox 1813 1897 1880 1936; x_wconf 91' lang='lat'>18.</span> <span class='ocrx_word' id='word_1_634' title='bbox 1898 1901 2004 1938; x_wconf 87' lang='lat' dir='ltr'>Rota</span> <span class='ocrx_word' id='word_1_635' title='bbox 2024 1896 2066 1935; x_wconf 90' lang='lat' dir='ltr'>in</span> <span class='ocrx_word' id='word_1_636' title='bbox 2083 1898 2165 1935; x_wconf 89' lang='lat' dir='ltr'>Ro-</span> 
     </span>
     <span class='ocr_line' id='line_1_85' title="bbox 1192 1954 2164 2009; baseline -0.001 -12"><span class='ocrx_word' id='word_1_637' title='bbox 1192 1970 1313 1997; x_wconf 80' lang='lat' dir='ltr'>mana</span> <span class='ocrx_word' id='word_1_638' title='bbox 1327 1955 1520 2009; x_wconf 78' lang='lat' dir='ltr'>Pensionis</span> <span class='ocrx_word' id='word_1_639' title='bbox 1542 1968 1607 2007; x_wconf 87' lang='lat'>14.</span> <span class='ocrx_word' id='word_1_640' title='bbox 1627 1955 1776 2009; x_wconf 81' lang='lat' dir='ltr'>Aprilis</span> <span class='ocrx_word' id='word_1_641' title='bbox 1797 1960 1924 2007; x_wconf 85' lang='lat'>1679.</span> <span class='ocrx_word' id='word_1_642' title='bbox 1942 1960 1981 2003; x_wconf 74' lang='lat' dir='ltr'>S.</span> <span class='ocrx_word' id='word_1_643' title='bbox 2001 1954 2164 2008; x_wconf 58' lang='lat' dir='ltr'>Frustra</span> 
     </span>
     <span class='ocr_line' id='line_1_86' title="bbox 1193 2016 1716 2067; baseline 0 -11"><span class='ocrx_word' id='word_1_644' title='bbox 1193 2030 1269 2056; x_wconf 89' lang='lat' dir='ltr'>cor.</span> <span class='ocrx_word' id='word_1_645' title='bbox 1285 2016 1344 2056; x_wconf 87' lang='lat' dir='ltr'>bo.</span> <span class='ocrx_word' id='word_1_646' title='bbox 1357 2030 1431 2057; x_wconf 87' lang='lat' dir='ltr'>me.</span> <span class='ocrx_word' id='word_1_647' title='bbox 1447 2017 1568 2059; x_wconf 83' lang='lat' dir='ltr'>Card.</span> <span class='ocrx_word' id='word_1_648' title='bbox 1581 2016 1621 2058; x_wconf 86' lang='lat' dir='ltr'><em>T</em></span> <span class='ocrx_word' id='word_1_649' title='bbox 1616 2016 1687 2067; x_wconf 74' lang='lat' dir='ltr'>aja</span> <span class='ocrx_word' id='word_1_650' title='bbox 1703 2044 1716 2056; x_wconf 94' lang='lat'>.</span> 
     </span>
    </p>

    <p class='ocr_par' dir='ltr' id='par_1_12' title="bbox 1187 2073 2167 2855">
     <span class='ocr_line' id='line_1_87' title="bbox 1248 2073 2160 2134; baseline 0.004 -19"><span class='ocrx_word' id='word_1_651' title='bbox 1248 2075 1474 2134; x_wconf 82' lang='lat' dir='ltr'>Qidquid</span> <span class='ocrx_word' id='word_1_652' title='bbox 1487 2077 1529 2118; x_wconf 89' lang='lat' dir='ltr'>in</span> <span class='ocrx_word' id='word_1_653' title='bbox 1546 2078 1804 2119; x_wconf 84' lang='lat' dir='ltr'>contrarium</span> <span class='ocrx_word' id='word_1_654' title='bbox 1823 2073 2024 2118; x_wconf 84' lang='lat' dir='ltr'>senserint</span> <span class='ocrx_word' id='word_1_655' title='bbox 2040 2089 2095 2118; x_wconf 88' lang='lat' dir='ltr'>no</span> <span class='ocrx_word' id='word_1_656' title='bbox 2108 2090 2160 2120; x_wconf 88' lang='lat' dir='ltr'>u-</span> 
     </span>
     <span class='ocr_line' id='line_1_88' title="bbox 1189 2136 2161 2186; baseline 0 -9"><span class='ocrx_word' id='word_1_657' title='bbox 1189 2136 1296 2178; x_wconf 89' lang='lat' dir='ltr'>nulli</span> <span class='ocrx_word' id='word_1_658' title='bbox 1315 2136 1386 2178; x_wconf 83' lang='lat' dir='ltr'>alii</span> <span class='ocrx_word' id='word_1_659' title='bbox 1403 2136 1613 2180; x_wconf 62' lang='lat' dir='ltr'>Doctores</span> <span class='ocrx_word' id='word_1_660' title='bbox 1626 2166 1639 2186; x_wconf 90' lang='lat'>‚</span> <span class='ocrx_word' id='word_1_661' title='bbox 1654 2137 1752 2179; x_wconf 87' lang='lat' dir='ltr'>freti</span> <span class='ocrx_word' id='word_1_662' title='bbox 1767 2138 2016 2179; x_wconf 64' lang='lat' dir='ltr'>auctoritate</span> <span class='ocrx_word' id='word_1_663' title='bbox 2033 2137 2161 2181; x_wconf 78' lang='lat' dir='ltr'>Car-d.</span> 
     </span>
     <span class='ocr_line' id='line_1_89' title="bbox 1192 2196 2159 2252; baseline 0 -15"><span class='ocrx_word' id='word_1_664' title='bbox 1192 2198 1239 2237; x_wconf 85' lang='lat' dir='ltr'>de</span> <span class='ocrx_word' id='word_1_665' title='bbox 1258 2201 1349 2252; x_wconf 87' lang='lat' dir='ltr'>Lug.</span> <span class='ocrx_word' id='word_1_666' title='bbox 1365 2196 1479 2247; x_wconf 82' lang='lat' dir='ltr'>lib.5.</span> <span class='ocrx_word' id='word_1_667' title='bbox 1492 2198 1656 2251; x_wconf 67' lang='lat' dir='ltr'>responſs</span> <span class='ocrx_word' id='word_1_668' title='bbox 1674 2197 1814 2237; x_wconf 88' lang='lat' dir='ltr'>moral.</span> <span class='ocrx_word' id='word_1_669' title='bbox 1828 2198 1919 2238; x_wconf 87' lang='lat' dir='ltr'>dub.</span> <span class='ocrx_word' id='word_1_670' title='bbox 1941 2212 1960 2237; x_wconf 88' lang='lat'>2</span> <span class='ocrx_word' id='word_1_671' title='bbox 1975 2211 2013 2237; x_wconf 91' lang='lat'>2.</span> <span class='ocrx_word' id='word_1_672' title='bbox 2026 2198 2159 2247; x_wconf 86' lang='lat' dir='ltr'>nu.8.,</span> 
     </span>
     <span class='ocr_line' id='line_1_90' title="bbox 1191 2257 2159 2312; baseline 0.001 -14"><span class='ocrx_word' id='word_1_673' title='bbox 1191 2260 1231 2299; x_wconf 76' lang='grc' dir='ltr'>δι</span> <span class='ocrx_word' id='word_1_674' title='bbox 1259 2257 1574 2312; x_wconf 86' lang='lat' dir='ltr'>distinguentes</span> <span class='ocrx_word' id='word_1_675' title='bbox 1601 2262 1862 2301; x_wconf 67' lang='lat' dir='ltr'>contractum</span> <span class='ocrx_word' id='word_1_676' title='bbox 1890 2257 2159 2300; x_wconf 81' lang='lat' dir='ltr'>Matrimonii</span> 
     </span>
     <span class='ocr_line' id='line_1_91' title="bbox 1187 2315 2163 2375; baseline 0.002 -17"><span class='ocrx_word' id='word_1_677' title='bbox 1187 2328 1402 2375; x_wconf 85' lang='lat' dir='ltr'>tamquam</span> <span class='ocrx_word' id='word_1_678' title='bbox 1421 2320 1553 2360; x_wconf 65' lang='lat' dir='ltr'>actum</span> <span class='ocrx_word' id='word_1_679' title='bbox 1570 2318 1919 2360; x_wconf 59' lang='lat' dir='ltr'>irretractabilem</span> <span class='ocrx_word' id='word_1_680' title='bbox 1941 2318 1995 2359; x_wconf 88' lang='lat' dir='ltr'>ab</span> <span class='ocrx_word' id='word_1_681' title='bbox 2013 2315 2163 2360; x_wconf 81' lang='lat' dir='ltr'>assum-</span> 
     </span>
     <span class='ocr_line' id='line_1_92' title="bbox 1188 2377 2166 2433; baseline 0.003 -15"><span class='ocrx_word' id='word_1_682' title='bbox 1188 2378 1346 2433; x_wconf 85' lang='lat' dir='ltr'>ptione</span> <span class='ocrx_word' id='word_1_683' title='bbox 1375 2378 1532 2420; x_wconf 88' lang='lat' dir='ltr'>militiae</span> <span class='ocrx_word' id='word_1_684' title='bbox 1549 2407 1562 2426; x_wconf 86' lang='lat'>,</span> <span class='ocrx_word' id='word_1_685' title='bbox 1596 2380 1662 2420; x_wconf 89' lang='lat' dir='ltr'>vel</span> <span class='ocrx_word' id='word_1_686' title='bbox 1682 2379 1858 2420; x_wconf 86' lang='lat' dir='ltr'>alterius</span> <span class='ocrx_word' id='word_1_687' title='bbox 1879 2377 2017 2420; x_wconf 81' lang='lat' dir='ltr'>officii</span> <span class='ocrx_word' id='word_1_688' title='bbox 2033 2379 2166 2421; x_wconf 88' lang='lat' dir='ltr'>Secu·</span> 
     </span>
     <span class='ocr_line' id='line_1_93' title="bbox 1189 2438 2163 2494; baseline 0.002 -15"><span class='ocrx_word' id='word_1_689' title='bbox 1189 2438 1291 2479; x_wconf 85' lang='lat' dir='ltr'>laris</span> <span class='ocrx_word' id='word_1_690' title='bbox 1308 2467 1323 2486; x_wconf 84' lang='lat'>,</span> <span class='ocrx_word' id='word_1_691' title='bbox 1338 2450 1381 2479; x_wconf 88' lang='lat' dir='ltr'>ut</span> <span class='ocrx_word' id='word_1_692' title='bbox 1396 2451 1500 2494; x_wconf 92' lang='lat' dir='ltr'>pote</span> <span class='ocrx_word' id='word_1_693' title='bbox 1518 2443 1650 2483; x_wconf 65' lang='lat' dir='ltr'>aetum</span> <span class='ocrx_word' id='word_1_694' title='bbox 1666 2439 1717 2480; x_wconf 89' lang='lat' dir='ltr'>ad</span> <span class='ocrx_word' id='word_1_695' title='bbox 1741 2439 1943 2493; x_wconf 85' lang='lat' dir='ltr'>placitum</span> <span class='ocrx_word' id='word_1_696' title='bbox 1961 2441 2163 2481; x_wconf 69' lang='lat' dir='ltr'>retracta-</span> 
     </span>
     <span class='ocr_line' id='line_1_94' title="bbox 1188 2496 2160 2555; baseline 0.001 -15"><span class='ocrx_word' id='word_1_697' title='bbox 1188 2497 1320 2540; x_wconf 87' lang='lat' dir='ltr'>bilem</span> <span class='ocrx_word' id='word_1_698' title='bbox 1337 2527 1349 2546; x_wconf 91' lang='lat'>‚</span> <span class='ocrx_word' id='word_1_699' title='bbox 1378 2513 1466 2555; x_wconf 90' lang='lat' dir='ltr'>quo</span> <span class='ocrx_word' id='word_1_700' title='bbox 1481 2496 1574 2539; x_wconf 89' lang='lat' dir='ltr'>casu</span> <span class='ocrx_word' id='word_1_701' title='bbox 1591 2498 1801 2540; x_wconf 86' lang='lat' dir='ltr'>amiffione</span> <span class='ocrx_word' id='word_1_702' title='bbox 1821 2497 2129 2541; x_wconf 86' lang='lat' dir='ltr'>beneficiorum</span> <span class='ocrx_word' id='word_1_703' title='bbox 2145 2529 2160 2549; x_wconf 93' lang='lat'>,</span> 
     </span>
     <span class='ocr_line' id='line_1_95' title="bbox 1189 2556 2162 2613; baseline 0 -12"><span class='ocrx_word' id='word_1_704' title='bbox 1189 2562 1230 2601; x_wconf 87' lang='lat'>&amp;</span> <span class='ocrx_word' id='word_1_705' title='bbox 1275 2557 1654 2599; x_wconf 86' lang='lat' dir='ltr'>Ecclesiasticarum</span> <span class='ocrx_word' id='word_1_706' title='bbox 1702 2556 1945 2613; x_wconf 76' lang='lat' dir='ltr'>pensionum</span> <span class='ocrx_word' id='word_1_707' title='bbox 1990 2559 2162 2601; x_wconf 82' lang='lat' dir='ltr'>Clerici</span> 
     </span>
     <span class='ocr_line' id='line_1_96' title="bbox 1189 2616 2165 2675; baseline 0.003 -16"><span class='ocrx_word' id='word_1_708' title='bbox 1189 2619 1470 2660; x_wconf 82' lang='lat' dir='ltr'>monitionem</span> <span class='ocrx_word' id='word_1_709' title='bbox 1494 2619 1712 2674; x_wconf 88' lang='lat' dir='ltr'>requirere</span> <span class='ocrx_word' id='word_1_710' title='bbox 1732 2616 1930 2660; x_wconf 88' lang='lat' dir='ltr'>videntur</span> <span class='ocrx_word' id='word_1_711' title='bbox 1944 2647 1958 2666; x_wconf 85' lang='lat'>‚</span> <span class='ocrx_word' id='word_1_712' title='bbox 1978 2619 2077 2675; x_wconf 87' lang='lat' dir='ltr'>quia</span> <span class='ocrx_word' id='word_1_713' title='bbox 2098 2621 2165 2662; x_wconf 89' lang='lat' dir='ltr'>ul-</span> 
     </span>
     <span class='ocr_line' id='line_1_97' title="bbox 1187 2676 2164 2735; baseline 0.002 -16"><span class='ocrx_word' id='word_1_714' title='bbox 1187 2690 1251 2720; x_wconf 89' lang='lat' dir='ltr'>tra</span> <span class='ocrx_word' id='word_1_715' title='bbox 1265 2678 1383 2735; x_wconf 92' lang='lat' dir='ltr'>quod</span> <span class='ocrx_word' id='word_1_716' title='bbox 1397 2691 1543 2720; x_wconf 89' lang='lat' dir='ltr'>eorum</span> <span class='ocrx_word' id='word_1_717' title='bbox 1556 2679 1705 2734; x_wconf 86' lang='lat' dir='ltr'>opinio</span> <span class='ocrx_word' id='word_1_718' title='bbox 1717 2676 1994 2720; x_wconf 87' lang='lat' dir='ltr'>confunditur</span> <span class='ocrx_word' id='word_1_719' title='bbox 2004 2679 2054 2720; x_wconf 87' lang='lat' dir='ltr'>ab</span> <span class='ocrx_word' id='word_1_720' title='bbox 2067 2680 2164 2730; x_wconf 86' lang='lat' dir='ltr'>alia,</span> 
     </span>
     <span class='ocr_line' id='line_1_98' title="bbox 1189 2736 2167 2796; baseline 0.002 -16"><span class='ocrx_word' id='word_1_721' title='bbox 1189 2739 1477 2780; x_wconf 77' lang='lat' dir='ltr'>communiori</span> <span class='ocrx_word' id='word_1_722' title='bbox 1497 2740 1734 2780; x_wconf 64' lang='lat' dir='ltr'>Doctorum</span> <span class='ocrx_word' id='word_1_723' title='bbox 1752 2739 2004 2787; x_wconf 80' lang='lat' dir='ltr'>Calcu10,ut</span> <span class='ocrx_word' id='word_1_724' title='bbox 2021 2736 2167 2796; x_wconf 61' lang='lat' dir='ltr'>supra..</span> 
     </span>
     <span class='ocr_line' id='line_1_99' title="bbox 1189 2797 2158 2855; baseline 0.003 -15"><span class='ocrx_word' id='word_1_725' title='bbox 1189 2800 1232 2841; x_wconf 89' lang='lat' dir='ltr'>in</span> <span class='ocrx_word' id='word_1_726' title='bbox 1248 2800 1507 2841; x_wconf 88' lang='lat' dir='ltr'>contrarium</span> <span class='ocrx_word' id='word_1_727' title='bbox 1527 2812 1722 2855; x_wconf 77' lang='lat' dir='ltr'>recepta3</span> <span class='ocrx_word' id='word_1_728' title='bbox 1743 2798 1810 2840; x_wconf 90' lang='lat' dir='ltr'>Ad</span> <span class='ocrx_word' id='word_1_729' title='bbox 1825 2798 1941 2840; x_wconf 87' lang='lat' dir='ltr'>istum</span> <span class='ocrx_word' id='word_1_730' title='bbox 1957 2797 2158 2843; x_wconf 67' lang='lat' dir='ltr'>effectum</span> 
     </span>
    </p>

    <p class='ocr_par' dir='ltr' id='par_1_13' title="bbox 1133 2858 2163 3516">
     <span class='ocr_line' id='line_1_100' title="bbox 1133 2858 2150 2915; baseline 0.001 -15"><span class='ocrx_word' id='word_1_731' title='bbox 1133 2874 1187 2900; x_wconf 88' lang='lat'>20</span> <span class='ocrx_word' id='word_1_732' title='bbox 1202 2859 1425 2901; x_wconf 88' lang='lat' dir='ltr'>amittendi</span> <span class='ocrx_word' id='word_1_733' title='bbox 1444 2858 1666 2915; x_wconf 81' lang='lat' dir='ltr'>pensiones</span> <span class='ocrx_word' id='word_1_734' title='bbox 1686 2888 1698 2907; x_wconf 87' lang='lat'>‚</span> <span class='ocrx_word' id='word_1_735' title='bbox 1718 2863 1757 2901; x_wconf 89' lang='lat'>&amp;</span> <span class='ocrx_word' id='word_1_736' title='bbox 1777 2858 2150 2902; x_wconf 76' lang='lat' dir='ltr'>Ecclefiasticabe-</span> 
     </span>
     <span class='ocr_line' id='line_1_101' title="bbox 1192 2918 2155 2967; baseline 0.002 -6"><span class='ocrx_word' id='word_1_737' title='bbox 1192 2918 1344 2961; x_wconf 83' lang='lat' dir='ltr'>neficia</span> <span class='ocrx_word' id='word_1_738' title='bbox 1366 2919 1688 2962; x_wconf 86' lang='lat' dir='ltr'>Matrimonium</span> <span class='ocrx_word' id='word_1_739' title='bbox 1711 2947 1725 2967; x_wconf 69' lang='lat'>2</span> <span class='ocrx_word' id='word_1_740' title='bbox 1746 2923 1786 2962; x_wconf 77' lang='grc' dir='ltr'>δε</span> <span class='ocrx_word' id='word_1_741' title='bbox 1804 2918 1955 2960; x_wconf 82' lang='lat' dir='ltr'>militia</span> <span class='ocrx_word' id='word_1_742' title='bbox 1978 2919 2089 2961; x_wconf 77' lang='lat' dir='ltr'>inter</span> <span class='ocrx_word' id='word_1_743' title='bbox 2106 2928 2155 2963; x_wconf 77' lang='lat' dir='ltr'>s‘e</span> 
     </span>
     <span class='ocr_line' id='line_1_102' title="bbox 1191 2977 2160 3036; baseline 0.001 -15"><span class='ocrx_word' id='word_1_744' title='bbox 1191 2981 1280 3036; x_wconf 85' lang='lat' dir='ltr'>pari</span> <span class='ocrx_word' id='word_1_745' title='bbox 1301 2977 1417 3035; x_wconf 80' lang='lat' dir='ltr'>passu</span> <span class='ocrx_word' id='word_1_746' title='bbox 1450 2980 1691 3034; x_wconf 88' lang='lat' dir='ltr'>procedunt</span> <span class='ocrx_word' id='word_1_747' title='bbox 1718 3009 1732 3028; x_wconf 83' lang='lat'>‚</span> <span class='ocrx_word' id='word_1_748' title='bbox 1762 2979 1877 3031; x_wconf 84' lang='lat' dir='ltr'>juxta</span> <span class='ocrx_word' id='word_1_749' title='bbox 1914 2993 2160 3036; x_wconf 63' lang='lat' dir='ltr'>receptam-e</span> 
     </span>
     <span class='ocr_line' id='line_1_103' title="bbox 1193 3039 2152 3098; baseline -0.002 -16"><span class='ocrx_word' id='word_1_750' title='bbox 1193 3040 1473 3098; x_wconf 86' lang='lat' dir='ltr'>magistralem</span> <span class='ocrx_word' id='word_1_751' title='bbox 1500 3040 1602 3092; x_wconf 76' lang='lat' dir='ltr'>Glofi</span> <span class='ocrx_word' id='word_1_752' title='bbox 1622 3039 1664 3080; x_wconf 87' lang='lat' dir='ltr'>in</span> <span class='ocrx_word' id='word_1_753' title='bbox 1684 3052 1770 3094; x_wconf 87' lang='lat' dir='ltr'>cap.</span> <span class='ocrx_word' id='word_1_754' title='bbox 1798 3039 2000 3096; x_wconf 84' lang='lat' dir='ltr'>qualiter,</span> <span class='ocrx_word' id='word_1_755' title='bbox 2034 3042 2152 3082; x_wconf 85' lang='lat' dir='ltr'>verb.</span> 
     </span>
     <span class='ocr_line' id='line_1_104' title="bbox 1192 3095 2160 3164; baseline 0.003 -25"><span class='ocrx_word' id='word_1_756' title='bbox 1192 3095 1500 3155; x_wconf 83' lang='lat' dir='ltr'>quadriennium</span> <span class='ocrx_word' id='word_1_757' title='bbox 1512 3100 1558 3140; x_wconf 87' lang='lat' dir='ltr'>de</span> <span class='ocrx_word' id='word_1_758' title='bbox 1570 3100 1752 3140; x_wconf 89' lang='lat' dir='ltr'>Cler.non</span> <span class='ocrx_word' id='word_1_759' title='bbox 1765 3100 1877 3155; x_wconf 83' lang='lat' dir='ltr'>restd.</span> <span class='ocrx_word' id='word_1_760' title='bbox 1893 3101 1954 3141; x_wconf 83' lang='lat' dir='ltr'>ibi</span> <span class='ocrx_word' id='word_1_761' title='bbox 1966 3126 2002 3134; x_wconf 96' lang='lat'>--</span> <span class='ocrx_word' id='word_1_762' title='bbox 2014 3104 2160 3164; x_wconf 65' lang='lat' dir='ltr'>Qan-</span> 
     </span>
     <span class='ocr_line' id='line_1_105' title="bbox 1195 3159 2158 3215; baseline -0.002 -14"><span class='ocrx_word' id='word_1_763' title='bbox 1195 3160 1266 3201; x_wconf 83' lang='lat' dir='ltr'>diu</span> <span class='ocrx_word' id='word_1_764' title='bbox 1281 3175 1354 3201; x_wconf 88' lang='lat' dir='ltr'>non</span> <span class='ocrx_word' id='word_1_765' title='bbox 1370 3159 1577 3201; x_wconf 83' lang='lat' dir='ltr'>renunciat</span> <span class='ocrx_word' id='word_1_766' title='bbox 1592 3188 1605 3208; x_wconf 82' lang='lat'>‚</span> <span class='ocrx_word' id='word_1_767' title='bbox 1636 3159 1809 3201; x_wconf 85' lang='lat' dir='ltr'>Clericus</span> <span class='ocrx_word' id='word_1_768' title='bbox 1825 3161 1982 3215; x_wconf 81' lang='lat' dir='ltr'>fimper</span> <span class='ocrx_word' id='word_1_769' title='bbox 1993 3162 2044 3215; x_wconf 65' lang='lat' dir='ltr'>est</span> <span class='ocrx_word' id='word_1_770' title='bbox 2061 3190 2074 3210; x_wconf 88' lang='lat'>‚</span> <span class='ocrx_word' id='word_1_771' title='bbox 2107 3160 2158 3204; x_wconf 74' lang='lat'>&amp;-</span> 
     </span>
     <span class='ocr_line' id='line_1_106' title="bbox 1195 3220 2159 3277; baseline 0.001 -17"><span class='ocrx_word' id='word_1_772' title='bbox 1195 3220 1288 3261; x_wconf 60' lang='lat' dir='ltr'>licet</span> <span class='ocrx_word' id='word_1_773' title='bbox 1317 3230 1496 3276; x_wconf 83' lang='lat' dir='ltr'>vagetur</span> <span class='ocrx_word' id='word_1_774' title='bbox 1514 3249 1527 3270; x_wconf 86' lang='lat'><strong>,</strong></span> <span class='ocrx_word' id='word_1_775' title='bbox 1558 3235 1644 3261; x_wconf 91' lang='lat' dir='ltr'>eum</span> <span class='ocrx_word' id='word_1_776' title='bbox 1674 3220 1880 3263; x_wconf 85' lang='lat' dir='ltr'>nonhabet</span> <span class='ocrx_word' id='word_1_777' title='bbox 1909 3222 2074 3277; x_wconf 77' lang='lat' dir='ltr'>Ecclefia</span> <span class='ocrx_word' id='word_1_778' title='bbox 2085 3233 2159 3276; x_wconf 83' lang='lat' dir='ltr'>pro</span> 
     </span>
     <span class='ocr_line' id='line_1_107' title="bbox 1194 3275 2163 3337; baseline 0 -15"><span class='ocrx_word' id='word_1_779' title='bbox 1194 3280 1382 3322; x_wconf 71' lang='lat' dir='ltr'>derelic‘lo</span> <span class='ocrx_word' id='word_1_780' title='bbox 1399 3310 1411 3329; x_wconf 79' lang='lat'>‚</span> <span class='ocrx_word' id='word_1_781' title='bbox 1441 3280 1520 3337; x_wconf 80' lang='lat' dir='ltr'>nisi</span> <span class='ocrx_word' id='word_1_782' title='bbox 1546 3281 1769 3323; x_wconf 83' lang='lat' dir='ltr'>contrahat</span> <span class='ocrx_word' id='word_1_783' title='bbox 1786 3282 2031 3323; x_wconf 82' lang='lat' dir='ltr'>contrariam</span> <span class='ocrx_word' id='word_1_784' title='bbox 2046 3275 2163 3336; x_wconf 79' lang='lat' dir='ltr'>nego-</span> 
     </span>
     <span class='ocr_line' id='line_1_108' title="bbox 1195 3340 2158 3396; baseline 0.002 -14"><span class='ocrx_word' id='word_1_785' title='bbox 1195 3340 1401 3382; x_wconf 86' lang='lat' dir='ltr'>ciationem</span> <span class='ocrx_word' id='word_1_786' title='bbox 1421 3369 1434 3389; x_wconf 86' lang='lat'>‚</span> <span class='ocrx_word' id='word_1_787' title='bbox 1468 3353 1512 3383; x_wconf 91' lang='lat' dir='ltr'>ut</span> <span class='ocrx_word' id='word_1_788' title='bbox 1514 3343 1559 3396; x_wconf 84' lang='lat' dir='ltr'>si</span> <span class='ocrx_word' id='word_1_789' title='bbox 1555 3342 1645 3396; x_wconf 88' lang='lat' dir='ltr'>fiat</span> <span class='ocrx_word' id='word_1_790' title='bbox 1669 3341 1780 3382; x_wconf 84' lang='lat' dir='ltr'>miles</span> <span class='ocrx_word' id='word_1_791' title='bbox 1806 3370 1820 3391; x_wconf 85' lang='lat'>‚</span> <span class='ocrx_word' id='word_1_792' title='bbox 1856 3343 1925 3384; x_wconf 84' lang='lat' dir='ltr'>vel</span> <span class='ocrx_word' id='word_1_793' title='bbox 1947 3342 2158 3384; x_wconf 71' lang='lat' dir='ltr'>contrahat</span> 
     </span>
     <span class='ocr_line' id='line_1_109' title="bbox 1196 3401 2160 3457; baseline -0.001 -14"><span class='ocrx_word' id='word_1_794' title='bbox 1196 3401 1504 3443; x_wconf 84' lang='lat' dir='ltr'>Matrimonium</span> <span class='ocrx_word' id='word_1_795' title='bbox 1531 3427 1568 3434; x_wconf 90' lang='lat'>--</span> <span class='ocrx_word' id='word_1_796' title='bbox 1592 3401 1698 3444; x_wconf 83' lang='lat' dir='ltr'>&amp;in</span> <span class='ocrx_word' id='word_1_797' title='bbox 1713 3415 1797 3456; x_wconf 81' lang='lat' dir='ltr'>cap.</span> <span class='ocrx_word' id='word_1_798' title='bbox 1803 3403 1885 3457; x_wconf 84' lang='lat' dir='ltr'>fin.</span> <span class='ocrx_word' id='word_1_799' title='bbox 1904 3405 2016 3444; x_wconf 79' lang='lat' dir='ltr'>verb.</span> <span class='ocrx_word' id='word_1_800' title='bbox 2033 3401 2160 3442; x_wconf 81' lang='lat' dir='ltr'>redie-</span> 
     </span>
     <span class='ocr_line' id='line_1_110' title="bbox 1194 3461 2158 3516; baseline -0.001 -14"><span class='ocrx_word' id='word_1_801' title='bbox 1194 3461 1280 3503; x_wconf 85' lang='lat' dir='ltr'>rint</span> <span class='ocrx_word' id='word_1_802' title='bbox 1295 3461 1424 3504; x_wconf 83' lang='lat' dir='ltr'>eodem</span> <span class='ocrx_word' id='word_1_803' title='bbox 1441 3461 1508 3504; x_wconf 86' lang='lat' dir='ltr'>tit.</span> <span class='ocrx_word' id='word_1_804' title='bbox 1525 3462 1587 3504; x_wconf 85' lang='lat' dir='ltr'>ibi</span> <span class='ocrx_word' id='word_1_805' title='bbox 1611 3487 1653 3496; x_wconf 93' lang='lat'>--</span> <span class='ocrx_word' id='word_1_806' title='bbox 1677 3462 2074 3516; x_wconf 70' lang='lat' dir='ltr'>Autbabet&#39;Ecclefia</span> <span class='ocrx_word' id='word_1_807' title='bbox 2086 3472 2158 3514; x_wconf 89' lang='lat' dir='ltr'>pro</span> 
     </span>
    </p>

    <p class='ocr_par' dir='ltr' id='par_1_14' title="bbox 2046 3521 2160 3562">
     <span class='ocr_line' id='line_1_111' title="bbox 2046 3521 2160 3562; baseline 0.018 -2"><span class='ocrx_word' id='word_1_808' title='bbox 2046 3521 2160 3562; x_wconf 84' lang='lat' dir='ltr'>dere-</span> 
     </span>
    </p>
   </div>
  </div>
 </body>
</html>
