2456 3802
45 2216 106 2266 ,42

0 3597 5 3610 κ
0 3548 9 3568 2„
0 3405 11 3507 n—-u-»yr-
2 3383 5 3394 κ

406 158 507 221 De
520 155 731 244 jurep.
755 155 1134 221 Par.II.Can.
1156 157 1406 223 XXVII.
1427 155 1568 223 Cast
1586 160 1659 222 Π.

98 275 181 315 'iton
199 272 263 325 ‘est
294 273 513 315 deventum
544 297 590 309 --
617 273 786 314 Tondut.
818 274 865 314 de
887 275 1055 328 pension.

106 347 191 389 cap.
220 348 291 385 77.
319 348 425 376 num.
455 347 552 383 11.,
579 333 812 389 Rodulphin.
842 334 959 390 alleg.
985 345 1056 385 97.

109 409 216 436 num.
241 409 256 436 1
272 409 305 436 ι.

169 456 428 499 Nullatenus
461 466 623 496 attenta
657 452 927 510 responsione
955 467 1060 496 con-

107 519 242 559 tratiae
273 515 494 558 decisionis
525 517 624 561 §.In
638 515 785 563 nihilo,
816 515 1056 572 quodlicet

111 576 226 618 idem
246 576 537 618 pensionarius
567 573 669 617 sceva
687 589 772 617 non
791 576 1030 617 exercuerit
1045 602 1059 622 ‚

107 637 407 692 potentialiter
434 649 575 678 tamen
603 635 740 677 induit
767 634 1056 691 propositum..-

106 697 212 738 saeva
245 696 501 743 exercendi,
531 696 703 753 quando
720 693 836 737 casus
868 696 1056 737 devene-

47 767 101 807 41
122 759 193 803 rit;
209 759 422 816 Qoniam
444 758 570 798 etiam
590 754 753 804 omisso,
770 756 888 814 quod
903 768 1058 810 poten-

106 817 465 859 tialiterinduerit
492 814 725 868 hujusmodi
746 819 926 858 animum
955 813 1058 857 saeva

107 875 365 925 exercendi,
397 891 481 920 non
499 891 571 932 per
590 878 670 919 hoc
688 874 878 934 sequitur
895 905 908 925 ‚
937 875 1056 933 quod

109 936 198 993 ipse
215 937 458 980 remanserit
474 934 563 993 ipso
580 936 668 986 jure
687 941 874 992 privatus
893 935 1058 992 pensio-

109 1011 162 1040 ne
178 1027 191 1047 ,
218 998 312 1040 cum
328 1027 342 1047 ‚
355 1011 398 1040 ut
414 996 533 1054 supra
549 998 702 1038 dietum
719 995 799 1040 fuit
812 1026 826 1047 ,
857 1011 940 1039 non
957 994 1058 1037 adsit

105 1058 176 1101 lex
192 1060 276 1101 ulla
289 1087 302 1106 ,
320 1071 411 1116 quae
428 1056 664 1110 hujusmodi
680 1072 845 1113 poenam
862 1056 949 1113 ipso
965 1058 1055 1108 jure
1075 1075 1079 1077 -

105 1119 283 1161 inducat
296 1131 445 1160 contra
460 1133 554 1160 eum
571 1147 585 1167 ,
613 1120 686 1176 qui
703 1119 829 1160 habet
845 1119 1055 1159 animum)

106 1179 335 1221 exercendi
351 1176 499 1227 saeva‚fi
516 1180 625 1221 enim
639 1176 742 1220 esset
756 1178 946 1235 imposita
965 1192 1055 1232 poe-

105 1252 158 1280 na
194 1241 443 1295 privationis
473 1237 697 1287 beneficii,
739 1252 811 1281 aut
845 1237 1053 1294 pensionis

105 1297 198 1355 ipso
210 1300 299 1351 jure
317 1300 565 1343 incurrenda
581 1300 755 1341 habenti
775 1297 1053 1356 propositum,

102 1362 146 1401 δι
161 1362 343 1401 animum
356 1359 585 1402 exercendi
599 1360 601 1362 ’
613 1357 717 1402 saeva
734 1387 747 1407 ,
761 1373 910 1401 omnes
923 1360 1055 1399 Bene-

103 1417 253 1469 ficiati‚
268 1433 338 1462 aut
358 1418 625 1468 Pensionarii‚
644 1421 717 1477 qui
735 1420 941 1461 haberent
965 1417 1054 1458 sim-

105 1480 267 1536 plicem
285 1482 481 1528 animum,
495 1483 535 1522 &
551 1479 808 1535 propositum
825 1478 1053 1522 occidendi

106 1542 323 1597 proprium
338 1541 553 1582 inimicum
569 1568 582 1587 ,
598 1552 669 1580 aut
686 1540 1052 1585 calumniatorem,

106 1613 154 1642 ac
172 1598 291 1657 super
306 1615 359 1643 eo
388 1599 614 1641 exercendi
632 1596 733 1642 saeva
748 1628 761 1647 ,
793 1599 965 1657 quando
986 1613 1055 1640 ca·-

49 1693 53 1696 .
102 1658 170 1703 sus
187 1661 410 1704 deveniret
425 1689 438 1708 ‚
456 1658 584 1702 essent
601 1658 690 1715 ipso
705 1661 794 1712 jure
809 1660 962 1715 privati
982 1673 1054 1700 eo·

101 1734 192 1764 rum
219 1720 443 1763 Beneficiis
463 1749 475 1768 ,
502 1724 543 1763 δε
574 1719 871 1767 pensionibus,
902 1724 940 1761 &
960 1720 1052 1769 plus

100 1783 323 1838 puniretur
340 1780 511 1836 simplex
530 1781 691 1821 animus
708 1808 720 1827 ‚
739 1784 778 1822 &
798 1779 1052 1834 propositum

101 1841 356 1890 homicidii,
392 1854 517 1899 quam
546 1838 676 1895 ipsum
692 1841 849 1881 adtuile
873 1841 1055 1881 homici-

102 1902 247 1951 dium,
277 1902 375 1943 dum
404 1915 478 1957 per
506 1902 588 1942 hoc
612 1902 736 1946 etiam
762 1898 1052 1957 qualificamm

104 1976 191 2006 non
208 1964 413 2004 amittitur
431 1959 519 2017 ipso
538 1961 626 2012 jure
636 1960 785 2002 Pensio
801 1990 813 2006 ,
832 1973 904 2001 aut
919 1962 1054 2002 Bene-

101 2021 274 2071 ficium,
302 2022 474 2063 Gabriel.
499 2021 598 2074 cons.
623 2024 718 2068 187.
734 2021 801 2061 lib.
827 2034 869 2060 2.
886 2036 992 2060 num.
1015 2034 1051 2061 1.

101 2084 243 2126 Sabell.
277 2083 393 2125 verb.
424 2084 590 2140 penston.
620 2095 728 2122 num.
759 2095 828 2122 20.
857 2085 897 2128 §.
933 2083 1057 2143 Qod

97 2148 251 2200 pensio.
891 2146 893 2148 ’

172 2205 270 2247 Haec
287 2204 435 2246 eadem
446 2205 603 2246 vetitas
621 2203 828 2252 nimirum,
846 2201 962 2258 quod
980 2213 1053 2255 pet

107 2262 430 2322 assumptionem
467 2266 623 2306 militiae
654 2263 793 2318 pensio
824 2261 912 2319 ipso
942 2262 1054 2312 juro

104 2338 192 2369 non
219 2327 489 2381 extinguatur
507 2355 518 2372 ,
546 2338 622 2366 nec
652 2323 941 2366 pensionarius
961 2319 1051 2378 ipso

102 2385 195 2441 jure
217 2386 288 2427 illa
306 2387 491 2441 privetur
507 2413 521 2434 ,
549 2385 775 2427 deducitur
793 2399 843 2426 ex
880 2381 1053 2438 ipsamet

101 2444 370 2488 resolutione
387 2446 521 2488 Sacrae
555 2445 918 2504 Congregtition'is
937 2446 1056 2486 Con-

106 2506 197 2548 cilii
214 2506 236 2548 a
253 2508 468 2548 contraria
489 2504 700 2547 decisione
721 2506 860 2547 'relata
889 2505 930 2544 in
947 2508 983 2551 ς.
1006 2505 1056 2543 Id

104 2568 240 2622 φανάς
274 2568 439 2608 Etenim
465 2565 490 2607 si
508 2580 582 2621 per
612 2563 926 2622 assumptionem
948 2564 1056 2605 mili-

104 2628 176 2670 tiae
211 2624 438 2668 Pontificiae
470 2625 559 2682 ipso
593 2626 681 2677 jure
732 2628 1057 2680 extingueretur

105 2685 277 2744 pensio,
313 2688 436 2728 Sacra
452 2688 751 2749 Congregatio
778 2699 870 2727 non¹
891 2682 1055 2726 dixisset

106 2747 429 2803 Sorbolongum
441 2745 810 2791 Pensionarium,&
826 2742 1057 2786 inservien-

108 2819 196 2850 tem
210 2807 366 2848 militiae
384 2805 610 2849 Pontificiae
623 2804 701 2848 esse
721 2803 1057 2860 dispensandum,

110 2882 190 2910 nec
210 2866 405 2909 Pontifex
431 2881 523 2908 cum
543 2879 596 2909 eo
613 2863 878 2922 dispensasset
891 2866 942 2906 ad
957 2879 1057 2906 cau-

110 2928 241 2970 telam
259 2956 272 2975 ,
304 2924 375 2969 sed
409 2925 615 2970 debuisset
642 2929 680 2969 ei
711 2925 950 2970 concedere
982 2940 1059 2967 no·

110 3002 210 3032 vum
227 2987 439 3029 Indultum
454 3016 467 3035 ,
480 2991 519 3030 &
535 2989 589 3030 de
605 3001 719 3030 novo
733 2984 944 3028 reservare
959 2999 1059 3041 pen-

107 3048 266 3092 sionem
287 3076 300 3097 ,
330 3061 420 3106 quae
439 3044 527 3103 ipso
558 3048 646 3099 jure
665 3045 801 3089 fuisset
827 3048 1057 3092 extintih.2;

107 3110 244 3166 Igitur
261 3107 286 3149 si
302 3123 386 3151 non
403 3108 507 3150 dixit
537 3105 621 3165 esse
655 3109 694 3149 ei
711 3106 1060 3149 concedendum.-

111 3183 269 3212 novum
288 3169 500 3211 Indultum
519 3197 531 3214 ‚
565 3167 736 3211 &sihoc
755 3165 949 3209 Pontifex
968 3179 1054 3207 non

109 3229 328 3279 conceffit,
346 3228 415 3271 sed
431 3226 562 3271 solnm
578 3243 671 3270 cum
691 3228 766 3269 illo
779 3225 1050 3282 dispensavit,

110 3288 301 3347 sequitur
323 3319 336 3338 ,
365 3290 484 3348 quod
503 3303 576 3331 nec
594 3289 715 3331 Sacra
727 3289 1023 3343 Congregatio
1045 3313 1059 3333 ,

112 3363 194 3393 nec
225 3349 420 3393 Pontifex
439 3350 761 3392 existimaverint
778 3377 790 3395 ,
821 3347 1059 3403 pensionem

114 3423 192 3467 per
207 3409 521 3468 assumptionem
539 3409 697 3452 militiae
717 3407 943 3450 Pontifieiae
963 3405 1063 3448 fuis-

115 3469 158 3514 se
176 3473 400 3516 extine'tam
418 3469 510 3530 ipso
534 3471 623 3526 jure
642 3499 655 3521 ‚
682 3473 721 3513 &
739 3469 792 3511 de
809 3466 919 3511 facto
937 3468 1062 3510 Sacra

1989 181 2120 246 493

1180 277 1481 332 congregatio
1501 275 1688 317 Consilii
1707 303 1719 323 ‚
1733 285 1960 332 antequam
1978 290 2132 329 proce-

1181 336 1304 375 datur
1322 336 1373 376 ad
1402 336 1697 377 declarandam
1732 335 1970 390 pensionem
1991 341 2132 379 extin-

1179 397 1283 435 ‹stam
1307 396 1364 437 ob
1391 395 1630 450 assumptam
1651 396 1840 437 militiam
1872 409 2130 447 armatam-1,

1180 451 1342 510 semper
1357 454 1516 497 censuit
1533 483 1547 503 ,
1562 467 1604 497 ut
1622 458 1902 511 praemittatut
1919 459 2101 499 monitio
2117 485 2132 507 ,

1180 526 1226 555 ut
1257 515 1388 558 tradit
1421 514 1652 570 Pignattell.
1685 517 1844 568 consult.
1874 531 1912 555 2.
1938 531 2041 557 num.
2065 531 2133 559 11.

1181 586 1272 616 tom.
1296 589 1334 615 2.

1116 646 1171 686 43
1237 635 1284 677 Id
1314 632 1442 691 ipsum
1459 635 1686 677 admittere
1715 635 1913 676 videntur
1928 637 2133 689 Iudices,

1181 698 1253 751 qui
1272 698 1312 738 in
1331 698 1409 738 hac
1431 695 1568 740 Causa
1584 696 1823 747 judicarunt
1839 694 1958 751 super
1976 692 2135 737 Posses-

1179 753 1320 805 sorio‚
1351 771 1396 797 ac
1415 759 1540 799 etiam
1561 754 1730 812 ipsamet
1750 760 1835 798 haec
1853 758 1976 798 Sacra
1991 756 2129 804 Rota,

1178 830 1270 857 nam
1301 830 1384 860 tam
1415 819 1609 859 vicarius
1647 817 1868 858 Generalis
1911 815 2078 858 Peruiiae
2113 843 2129 865 ,

1176 891 1299 933 quam
1332 879 1381 920 A.
1402 881 1455 921 C.
1486 891 1531 918 ac
1562 879 1662 931 Sign
1677 891 1784 918 itura
1802 876 1968 927 Iustitiae
1984 904 1997 924 ,
2037 889 2124 918 non

1176 937 1352 984 ostante,
1370 938 1487 995 quod
1507 952 1579 992 per
1594 936 1887 979 beneficiatum
1905 935 2030 978 fuerit
2050 937 2126 978 de-

1175 997 1377 1039 claratum
1397 1002 1436 1038 in
1453 999 1516 1039 his
1534 999 1836 1039 Tribunalibus
1853 1025 1864 1043 ,
1885 997 2003 1054 quod
2023 1009 2129 1051 pen-

1174 1056 1231 1099 sio
1251 1059 1336 1100 haec
1358 1057 1483 1099 fuerit
1512 1060 1693 1099 extinstt
1721 1059 1855 1099 stitim
1873 1085 1886 1104 ,
1918 1071 1965 1097 ac
1988 1058 2127 1097 dietus

1172 1117 1460 1160 Pensionarius
1478 1117 1678 1171 assumpsit
1700 1119 1888 1159 militiam
1921 1118 1963 1157 in
1983 1117 2125 1171 copiis

1174 1178 1440 1224 Pontificum
1469 1176 1756 1220 concesserunt
1783 1178 1923 1219 eidem
1954 1175 2126 1218 Pensio-

1175 1242 1292 1280 nario
1318 1241 1682 1280 manutentionem
1710 1239 1750 1279 in
1769 1235 2011 1292 possezsione
2027 1237 2132 1277 exi-a

1174 1299 1300 1354 gendi
1323 1299 1582 1353 penfionenu
1616 1301 1714 1339 Hec
1741 1300 1867 1340 etiam
1897 1298 2019 1338 Sacra
2038 1297 2124 1338 Ro-

1173 1370 1214 1398 ta
1232 1358 1370 1400 statuit
1388 1387 1399 1406 ,
1419 1359 1537 1416 quod
1558 1374 1627 1413 per
1642 1353 1939 1412 exceptioii'em
1960 1357 2125 1398 militiaei

1173 1431 1258 1458 non
1274 1418 1315 1458 sit
1332 1419 1582 1460 retardandi
1601 1416 1787 1473 possessio
1806 1417 2006 1472 exigendi
2021 1430 2126 1472 pen-

1173 1478 1327 1520 sionem
1342 1506 1355 1524 ,
1377 1492 1419 1518 ut
1437 1479 1476 1517 in
1492 1479 1604 1530 decifi
1629 1491 1751 1529 ¹143.
1767 1493 1872 1518 num.
1889 1490 1930 1529 4.
1949 1491 2123 1518 coram-⁴

1171 1539 1317 1581 Coccin.
1349 1537 1472 1580 sihaec
1495 1538 1634 1593 pensio
1665 1536 1798 1579 fuisset
1817 1535 1907 1593 ipso
1934 1537 2024 1588 jure
2051 1546 2127 1577 ex-

1173 1599 1299 1642 τίιιέὶι
1320 1612 1402 1640 non
1422 1597 1703 1653 comperiisset
1725 1599 1992 1640 l'ensionario
2018 1593 2126 1639 assu·

1173 1672 1314 1701 mente
1333 1659 1523 1700 militiam
1541 1661 1805 1700 -nanutentio
1824 1661 1863 1699 in
1882 1655 2125 1712 posseffione

1178 1721 1380 1774 exigendi
1398 1719 1634 1766 pensionem
1652 1747 1664 1765 ,
1698 1719 1790 1760 cum
1811 1716 2013 1759 deficeret
2031 1714 2122 1771 ipso

1172 1780 1260 1831 jure
1276 1779 1338 1828 jus
1353 1807 1368 1827 ,
1389 1784 1424 1821 δι
1439 1781 1584 1821 titulus
1601 1776 1712 1834 posse
1729 1778 1858 1820 sionis
1875 1805 1888 1824 ,
1904 1791 1947 1817 ut
1963 1775 2040 1817 fuit
2056 1790 2125 1817 re-

1175 1838 1357 1882 solutum
1374 1841 1396 1880 ἐι
1416 1841 1535 1880 Sacra
1553 1840 1661 1881 Rota
1693 1839 1732 1878 in
1757 1837 2013 1891 veapolitana
2025 1848 2122 1890 pen-

1163 1902 1288 1957 sionis
1310 1912 1372 1946 17.
1393 1900 1513 1939 Febr-u
1528 1900 1596 1938 urii
1620 1903 1696 1945 169
1707 1900 1745 1939 8.
1764 1899 1902 1945 §.Cam
1914 1897 2123 1951 itaquese-

1172 1976 1262 2001 raem
1280 1965 1324 2001 R.
1347 1963 1387 1999 Ρ.
1409 1964 1458 2000 D.
1477 1959 1637 2010 ansaldo
1652 1987 1662 2006 ,
1682 1960 1749 2000 ubi
1767 1972 1817 1998 ex
1835 1971 1887 1998 eo
1904 1986 1917 2003 ,
1931 1958 2030 2014 quia
2045 1970 2119 2009 ρει·

1171 2017 1488 2074 assumptionem
1520 2019 1643 2061 status
1677 2018 1930 2072 Coniugalis
1959 2017 2124 2058 amitti-

1172 2087 1240 2123 tur
1261 2078 1349 2135 ipso
1383 2083 1470 2125 iure
1496 2079 1636 2135 pensio
1653 2109 1665 2126 ,
1694 2078 1774 2120 fuit
1791 2079 2000 2132 denegata
2021 2079 2128 2120 Pen-

1172 2141 1351 2183 sionatio
1368 2169 1380 2186 ,
1411 2141 1482 2197 qui
1519 2141 1732 2181 contraxit
1763 2139 2077 2180 matrimonium
2106 2165 2123 2187 ‚

1172 2202 1438 2243 manutentio
1471 2201 1511 2241 in
1531 2198 1773 2255 possesione
1801 2198 2000 2253 exigendi
2020 2213 2124 2253 pen..

1178 2262 1331 2305 sionem
1350 2278 1360 2307 ς
1396 2264 1525 2316 {gitur
1540 2260 1563 2301 si
1582 2259 1928 2315 praefatiJudices
1947 2273 2032 2300 nou
2045 2260 2126 2300 ob-

1173 2323 1303 2364 stante
1321 2323 1427 2365 dista
1446 2325 1721 2376 exceptione,
1737 2316 2027 2360 concesserunt
2048 2321 2126 2360 hu-

1170 2381 1348 2434 jusmodi
1369 2397 1405 2423 m
1420 2383 1728 2423 tnutentionem
1760 2378 1999 2435 supraditte
2020 2393 2127 2434 pen-

1173 2443 1296 2486 sionis
1313 2447 1340 2492 ,'
1360 2446 1397 2485 Sc
1417 2443 1540 2484 Sacra
1564 2443 1671 2482 Rota
1696 2441 1890 2482 decrevit
1925 2443 1966 2480 in
1999 2438 2119 2480 simili

1172 2503 1309 2545 Causa
1353 2517 1442 2544 eam
1479 2516 1562 2543 non
1596 2499 1674 2542 esse
1719 2499 2009 2540 retardandam
2045 2513 2120 2550 pet

1174 2565 1278 2606 hanc
1296 2563 1609 2614 exceptionem,
1628 2559 1783 2614 signum
1799 2558 2120 2615 evidens,quod

1174 2636 1257 2665 tam
1275 2624 1372 2664 dieti
1388 2622 1576 2676 Iudices,
1596 2621 1719 2677 quam
1733 2619 1854 2659 Sacra
1871 2619 1978 2660 Rota
1990 2632 2122 2674 agno-

1176 2685 1315 2725 verint
1333 2688 1437 2724 nanc
1454 2681 1693 2737 pensionem
1716 2692 1799 2720 non
1815 2675 1930 2719 fuisse
1949 2677 2038 2733 ipso
2054 2679 2123 2730 ju-

1176 2759 1220 2786 re
1237 2745 1461 2786 extimstam
1486 2756 1564 2797 ‘per
1579 2737 1883 2796 susceptionem
1903 2740 2060 2781 militiae
2078 2740 2121 2782 in

1176 2805 1313 2859 copiis
1336 2801 1592 2844 pontificiis.

1235 2863 1319 2904 Sed
1337 2866 1403 2905 hic
1431 2877 1514 2906 non
1532 2861 1668 2903 sistunt
1685 2861 1868 2902 rationes
1895 2859 2121 2901 ostenden-

1178 2937 1245 2965 tes
1275 2924 1426 2965 claram
1464 2951 1478 2971 ,
1511 2927 1551 2965 &
1583 2920 1836 2963 manifestam
1867 2916 2129 2961 insubsisten-

1117 2999 1176 3040 44
1192 2986 1291 3025 tiam
1317 2983 1538 3025 contrariae
1557 2981 1776 3023 decisionis
1798 3011 1810 3022 .
1842 2980 2122 3023 Reflec'tebam

1177 3046 1287 3098 enim
1309 3073 1320 3091 ‚
1351 3043 1467 3100 quod
1488 3055 1684 3097 germana
1703 3042 1811 3082 ratio
1828 3041 1953 3081 etiam
1977 3039 1999 3081 εὶ
2015 3053 2121 3082 con-

1177 3106 1301 3146 traria
1336 3102 1543 3144 decisione
1572 3098 1738 3143 admissa
1771 3102 1813 3141 in
1839 3104 1879 3147 §.
1896 3099 2092 3141 Militia-.-
2111 3127 2126 3148 ,

1181 3165 1230 3207 ὠ·
1245 3164 1286 3204 in
1302 3168 1340 3211 §.
1365 3167 1426 3203 Ex
1441 3177 1521 3218 qua
1538 3190 1551 3209 ,
1583 3174 1758 3217 propter
1773 3174 1896 3217 quam
1927 3162 2123 3202 amittan-

1177 3237 1245 3266 tur
1264 3222 1480 3278 pensiones
1496 3250 1509 3269 ,
1541 3226 1581 3265 &
1616 3219 1821 3264 beneficia
1840 3219 2121 3262 Ecclesiastica

1179 3286 1230 3326 ab
1246 3282 1469 3325 assumente
1487 3282 1677 3323 militiam
1693 3279 1925 3323 saecularem
1939 3308 1951 3327 ,
1967 3278 2121 3321 funda-

1178 3358 1246 3387 tur
1266 3346 1306 3386 in
1339 3340 1692 3399 praesumptione,
1721 3341 1837 3399 quod
1870 3355 1943 3397 per
1975 3338 2126 3381 assum-.

1180 3406 1368 3461 ptionem
1401 3403 1495 3444 talis
1528 3403 1651 3444 status
1670 3400 1870 3444 saecularis
1902 3397 2118 3442 censeatur

1179 3466 1336 3507 habere
1353 3469 1437 3506 tam
1455 3463 1678 3506 Ecclesiam
1690 3490 1704 3512 ‚
1721 3463 1847 3521 quam
1860 3462 2119 3504 Clericatum

2047 3531 2126 3573 pro
