2502 3848
339 327 365 369 8

399 279 538 311 torum
568 262 659 321 post
687 270 863 304 mortem
901 257 1112 299 Donantis
1141 286 1154 298 .

458 326 618 367 Placuit
638 322 748 364 enim
765 315 975 375 responsio
991 344 1005 365 ‚
1023 316 1142 374 quod
1159 330 1239 373 pro
1259 329 1336 360 ve-

399 384 598 429 rificanda
615 380 897 439 perpetuitate
912 377 1163 419 donationis
1193 377 1337 430 juxta..-

398 444 621 497 subjectam
642 441 854 484 materiam
877 467 891 488 ,
925 434 1026 479 satis
1052 434 1153 480 esset
1168 465 1183 486 ,
1215 435 1336 494 quod

399 507 579 547 Donans
593 500 809 544 metiendo
827 499 1089 542 voluntatem
1105 497 1130 541 ὲ
1155 496 1336 553 potesta·

398 576 441 607 te
457 564 597 605 taliter
612 563 636 604 a
647 559 686 603 se
701 559 961 603 abdicaverit
976 570 1101 600 omne
1114 557 1196 609 jus,
1212 555 1333 614 quod

398 625 580 668 habebat
600 619 1072 677 super-Jurepatronatus
1090 617 1268 664 donato,
1290 626 1334 657 ut

399 681 589 727 exclusus
621 679 826 738 perpetuo
873 688 1108 720 remaneret
1153 676 1334 733 quilibet

398 741 580 794 ejusdem
623 739 822 798 regressus
854 739 907 779 ad
932 736 1127 780 eumdem
1155 737 1334 777 Donan-

398 815 483 845 tem
500 830 513 851 ‚
531 802 581 842 ad
596 801 678 842 hoc
697 811 741 840 ut
756 799 815 839 ita·
831 810 1004 854 quoque
1019 791 1186 837 exclusa
1199 806 1338 837 rema-r

398 875 495 904 neat
510 861 710 916 quaelibet
726 855 903 913 suspicio
923 855 1144 898 fraudandi
1157 855 1297 910 legem
1316 880 1334 904 ,

397 922 450 965 ne
467 918 628 962 scilicet
643 917 718 960 sub
735 918 911 974 palliato
939 916 1105 958 nomine
1121 926 1343 970 tempora*

399 994 484 1023 neae
503 1009 515 1026 ,
534 993 580 1020 ac
598 978 827 1020 terminatae
843 976 1088 1018 donationis
1116 974 1344 1022 videretur¹

398 1038 573 1084 voluisse
590 1036 730 1094 potius
745 1036 996 1079 constituere
1009 1036 1332 1078 Procuratorem

398 1101 453 1143 ad
484 1096 808 1156 praesentandum
824 1110 902 1152 pro
923 1095 1116 1149 vicibus,
1149 1108 1196 1136 ac
1223 1105 1332 1136 tem-

398 1173 504 1216 pore
521 1169 736 1201 convento
754 1185 767 1206 ,
789 1155 915 1213 quam
930 1154 1101 1211 plenum
1116 1182 1129 1202 ,
1150 1157 1190 1197 δι
1208 1151 1332 1196 abso-

397 1214 903 1275 lutumJurispatronatus
929 1214 1161 1256 dominium
1189 1213 1232 1256 in
1257 1227 1333 1256 ve·-

397 1293 488 1321 rum
505 1277 779 1319 Donatarium
796 1272 1020 1317 transferre
1034 1302 1048 1322 ,
1066 1285 1205 1330 prout
1231 1271 1333 1317 satis

396 1338 510 1380 clare
544 1334 865 1383 desumebatur,
895 1348 947 1376 ex
970 1333 1117 1390 spiritu
1143 1332 1287 1389 potius
1314 1362 1331 1384 ,

397 1398 525 1456 quam
542 1412 594 1439 ex
610 1397 734 1439 litera
749 1396 849 1436 DD.
867 1391 1241 1451 superius-allegat.

453 1454 647 1509 Ejusdem
692 1468 869 1513 quoque
904 1454 1108 1496 momenti
1139 1453 1330 1510 apparuit

394 1517 527 1560 altera
538 1516 735 1570 exceptio
751 1543 763 1563 ,
782 1513 898 1571 quod
918 1515 957 1554 in
975 1513 1207 1556 donatione
1224 1526 1330 1568 prae-

395 1577 505 1621 dic'ta
518 1574 763 1619 necessarius
778 1574 990 1616 Ordinarii
1003 1571 1225 1615 consensus
1243 1586 1327 1615 non

392 1635 671 1679 intervenerit
688 1663 701 1683 ,
734 1648 784 1675 ex
814 1647 900 1690 quo
925 1634 1158 1688 approbata
1173 1630 1330 1675 solum-

393 1697 525 1739 modo
542 1696 709 1750 legatur
725 1694 776 1735 ab
795 1692 918 1749 ipfius
936 1694 1107 1736 Vicario
1123 1721 1136 1741 ‚
1169 1693 1242 1750 qui
1257 1693 1328 1734 itt,

393 1754 633 1806 hujusmodi
646 1754 803 1796 aeribus
817 1753 1127 1808 approbatione
1143 1754 1328 1808 interpo-

393 1829 493 1858 nere
511 1815 759 1870 prohibetur
774 1810 929 1868 absque
947 1810 1115 1868 speciali
1131 1809 1327 1868 Episcopi

392 1876 594 1918 mandato
611 1902 623 1914 .
662 1871 881 1924 Obejcstum
909 1872 1066 1928 quippe
1091 1869 1329 1913 sublatum-v

390 1933 582 1978 remansit
599 1947 650 1975 ex
663 1930 773 1974 facto
791 1959 805 1979 ,
823 1931 919 1972 dum
937 1931 1040 1972 mihi
1057 1932 1327 1988 originaliter

389 1995 628 2036 eithibitum
642 1991 720 2035 fuit
735 1991 843 2032 adeo
860 1988 1107 2032 effrenatum
1127 1988 1326 2047 Episcopi

389 2054 630 2097 mandatum
648 2051 786 2094 eidem
805 2052 976 2093 Vicario
992 2065 1077 2093 non
1097 2048 1229 2093 solum
1259 2051 1327 2092 in-

390 2125 456 2156 ter
486 2125 635 2156 caetera
661 2109 894 2167 specialiter
921 2111 1064 2153 datum
1088 2111 1140 2154 ad
1158 2110 1326 2154 confir-

389 2173 565 2216 mandas
593 2172 851 2215 donationes
874 2173 1290 2227 Juriumpatronatus
1309 2201 1323 2221 ,

388 2231 461 2274 sed
493 2234 618 2275 etiam
653 2232 703 2272 ad
732 2244 781 2272 ea
811 2232 951 2273 omnia
970 2232 1146 2275 nomine
1171 2233 1324 2276 consti-

389 2293 550 2334 tuentis
564 2290 818 2347 peragenda,
837 2304 928 2348 quae
946 2289 1139 2347 expresse
1155 2320 1167 2339 ,
1181 2296 1221 2335 &
1234 2290 1324 2348 spe-

388 2350 509 2393 effice
555 2352 678 2392 etiam
711 2350 954 2392 demandari
999 2350 1274 2407 oportuissent
1306 2382 1320 2403 ‚

388 2422 515 2468 prout
531 2411 717 2454 constitit
739 2423 790 2451 ex
807 2410 918 2452 illius
935 2411 1115 2454 lectura.

445 2470 603 2512 Frustra
623 2470 806 2527 denique
821 2471 1132 2525 opponebatur,
1146 2474 1263 2529 quod
1276 2475 1319 2517 in

389 2530 595 2584 explenda
609 2526 711 2585 saepe
726 2529 924 2583 recenfita
939 2529 1171 2574 donatione
1185 2533 1318 2576 intet-

389 2587 553 2631 cesserit
573 2587 732 2630 secreta
762 2590 896 2644 pastio
915 2618 944 2638 ,-
961 2594 999 2632 &
1019 2592 1179 2633 animus
1211 2591 1321 2635 frau-

386 2649 514 2689 dandi
532 2648 669 2703 legem
690 2645 807 2704 super
821 2647 960 2691 futura
976 2649 1317 2705 praesentationt.)

387 2709 562 2765 Joannis
578 2710 690 2749 Petri
706 2707 901 2750 donantis
918 2725 930 2756 3
945 2709 1319 2755 Animadversum,

387 2780 567 2824 namque
577 2766 671 2815 fuit,
689 2767 806 2824 quod
822 2768 914 2810 cum
931 2782 1126 2827 ageretur
1142 2771 1195 2813 de
1213 2776 1318 2821 adiu,

386 2827 462 2884 qui
480 2826 559 2868 live
578 2825 836 2883 inspicienda
854 2826 899 2869 fit
913 2827 1104 2878 causa,ex
1120 2844 1203 2889 qua
1219 2846 1318 2887 pro-

385 2886 497 2928 cessit
515 2915 528 2934 ,
545 2885 625 2941 five
643 2884 963 2942 perscrutandus
982 2892 1123 2932 veniat
1135 2890 1286 2933 modus
1301 2920 1317 2941 ,

385 2959 477 2987 cum
492 2959 579 3002 quo
594 2945 672 2987 fuit
685 2946 921 2989 celebratus
940 2950 1224 2992 omnimodam
1239 2949 1317 2994 fin-

382 3007 575 3046 ceritatis
593 3034 606 3054 ‚
635 3006 919 3061 &legalitatis
935 3004 1111 3064 speciem
1124 3008 1315 3065 praescfe-

384 3077 464 3111 rat,
480 3079 754 3121 quaecumque
765 3065 939 3115 fraudis,
955 3080 1025 3109 aut
1036 3066 1195 3112 vitiosae
1208 3084 1314 3113 con-

383 3126 601 3165 ventionis
633 3123 809 3181 suspicio
839 3127 1005 3183 penitus
1019 3127 1170 3170 ceffare
1191 3130 1316 3172 vide-

381 3180 744 3242 batur,quousque
764 3183 983 3242 praesertim
1003 3188 1075 3229 illa
1091 3203 1140 3231 ex
1164 3203 1315 3247 urgen-

382 3240 512 3287 tibus,
531 3255 576 3282 ac
595 3243 718 3296 plene
734 3247 1087 3291 concludentibus
1103 3248 1314 3302 conjectu-

381 3300 438 3340 ris
456 3302 730 3354 comprobata
744 3317 978 3347 remaneret
990 3334 1002 3346 .

326 3366 377 3398 ιο
439 3355 629 3401 Ceffabat
647 3362 787 3417 itaque
817 3362 991 3420 suspicio
1016 3364 1174 3410 fraudis
1188 3367 1314 3424 respi·

383 3418 539 3462 ciendo
556 3419 610 3462 ad
624 3419 798 3466 Causam
819 3424 1016 3482 praedieiae
1034 3426 1276 3471 donationis
1296 3457 1311 3477 ‚

796 138 1282 209 Commentaria
1314 139 1396 205 ad
1430 137 1708 226 fingulos
1737 141 2037 226 Canones

1453 269 1506 297 ex
1524 244 1612 312 quo
1627 252 1720 296 cum
1738 253 1812 294 illa
1836 251 1942 294 facta
1959 248 2087 292 fixerit
2105 249 2308 313 aJoanne
2329 248 2408 291 pe-

1455 313 1523 357 tr'o
1537 316 1693 360 intuitu
1709 341 1722 362 ,
1740 316 1779 355 δε
1796 311 2160 367 contemplatione
2181 313 2289 353 certi
2306 310 2403 352 Ma·

1455 376 1643 416 trimonii
1656 387 1730 430 per
1742 372 2005 414 Eustachium
2019 370 2169 420 filium,
2187 384 2234 413 ac
2253 372 2404 413 Dona·-

1453 436 1603 476 tarium
1615 433 1923 480 contrahendi,
1941 433 2039 474 hinc
2055 430 2282 474 necessario
2299 444 2404 474 con-

1455 493 1729 552 sequebatur,
1749 492 1867 551 quod
1884 491 2000 534 sicuti
2016 492 2129 535 nulla
2146 490 2404 535 confiderari

1453 555 1594 613 potest
1608 552 1878 612 frequentior
1891 580 1906 601 ,
1921 566 1967 594 ac
1983 553 2284 595 rationabilior
2303 564 2402 594 cau·

1452 612 1510 663 sa,
1529 628 1622 672 quae
1635 615 1773 656 valeat
1788 612 1994 656 infirmare
2011 609 2250 662 hujusmodi
2264 612 2400 654 dona-

1452 675 1592 717 tiones
1609 676 1632 716 εὶ
1647 675 1889 730 parentibus
1924 686 2024 728 erga
2044 671 2159 715 filios
2190 672 2419 715 nubentes'

1452 736 1640 777 exerceri
1659 731 1880 776 consuetas
1897 762 1910 781 ,
1940 734 1998 775 ita
2014 746 2193 790 quoque
2223 731 2398 774 cessarea

1450 794 1619 851 penitus
1649 792 1735 837 visa
1762 793 1843 836 fuit
1860 793 2059 851 quaelibet
2071 789 2279 848 contraria
2294 803 2399 849 prae-

1448 854 1629 910 sumptio
1645 882 1660 903 ,
1673 853 1791 912 quod
1809 852 2113 901 fraudulenter,
2132 857 2172 896 &
2189 851 2397 895 crimino-

1450 914 1499 956 se
1515 919 1646 958 actum
1664 913 1793 956 fuerit
1809 942 1823 964 ,
1851 914 1895 956 id
1913 942 1926 961 ,
1941 914 2059 970 quod
2074 927 2125 956 ex
2146 914 2295 961 licita,
2313 913 2396 956 ho·

1449 974 1649 1032 nestaque
1680 971 1800 1016 causa
1831 970 2037 1030 proficisci
2057 972 2400 1030 dignoscebatur

1450 1047 1503 1075 ex
1519 1034 1667 1093 regula
1679 1034 1719 1077 T
1714 1034 1844 1076 ext-in
1861 1035 1888 1075 l.
1902 1034 2039 1075 merito
2043 1033 2096 1091 ff
2107 1046 2180 1089 pro
2183 1032 2396 1087 s0ci0,Rot.

1449 1108 1580 1135 coram
1594 1099 1758 1150 Gregor.
1772 1095 1990 1148 decill486.
2005 1099 2153 1135 num-6.
2168 1122 2180 1142 ‚
2196 1092 2245 1136 ἐν’
2263 1104 2396 1135 coram

1447 1154 1747 1195 ottobon.dec.2
1760 1167 1776 1204 5
1788 1167 1828 1208 3.
1845 1167 2022 1204 num-14.
2043 1152 2092 1197 ὁ
2110 1167 2126 1195 1
2139 1166 2179 1205 5.
2197 1154 2246 1198 ὠ·
2261 1154 2302 1196 in
2315 1166 2394 1196 reo·

1446 1214 1606 1267 decifi7.
1621 1229 1724 1256 num.
1735 1228 1750 1255 1
1765 1228 1798 1255 1.
1807 1227 1900 1268 par.
1911 1227 1925 1254 1
1937 1216 1975 1256 8.
1990 1226 2085 1257 tom.
2096 1227 2132 1255 1.

1503 1275 1599 1316 Nec
1617 1274 1720 1332 quid
1742 1286 2000 1322 extraneum,
2015 1286 2091 1317 aut
2111 1275 2392 1332 impertinens

1443 1331 1595 1390 geffilse
1621 1335 1816 1390 redargui
1842 1335 1976 1391 potest
1992 1337 2185 1392 Joannes
2205 1337 2356 1378 Petrus
2373 1362 2389 1384 ‚

1443 1407 1497 1435 eo
1535 1395 1634 1452 quia
1661 1392 1733 1437 sub
1764 1392 1946 1450 expressa
1979 1392 2098 1437 causa
2126 1395 2385 1438 matrimonii

1382 1455 1385 1458 ⁴
1443 1453 2065 1511 donaveritJuspatronatas,ex
2086 1469 2173 1513 quo
2189 1455 2284 1499 ciun
2297 1454 2392 1498 nul-

1442 1514 1529 1555 lum
1545 1514 1806 1557 Donatarius
1823 1514 2025 1573 consequi
2044 1517 2205 1559 valeret
2226 1515 2388 1559 emolu·-

1441 1586 1625 1616 mentum
1645 1574 1698 1616 ad
1725 1572 1938 1617 subeunda
1953 1588 2082 1618 onera
2097 1576 2390 1619 matrimonia-

1440 1632 1499 1674 lia
1516 1634 1675 1676 divitiis
1693 1663 1705 1683 ‚
1722 1649 1805 1677 non
1820 1635 1955 1677 titulis
1971 1664 1982 1683 ,
2001 1649 2046 1677 ac
2060 1635 2232 1688 juribus
2251 1637 2389 1682 herno-

1438 1691 1565 1735 rificis
1592 1692 1852 1736 sustentanda
1875 1723 1888 1743 ,
1917 1693 2155 1738 inferebant
2196 1697 2385 1752 proinde

1440 1753 1649 1808 Scipionis
1666 1751 1909 1796 defensores
1925 1780 1939 1804 ,
1958 1755 2078 1813 quod·
2094 1755 2214 1799 ficati
2231 1757 2387 1798 inveri-

1440 1811 1567 1855 fimile
1583 1813 1639 1855 est
1653 1815 2022 1871 contemplatione
2035 1815 2295 1859 Matrimonii
2307 1817 2389 1860 do-

1441 1885 1581 1915 natum
1598 1871 1713 1915 fuisse
1732 1874 1774 1916 id
1793 1903 1806 1923 ,
1826 1875 1941 1933 quod
1958 1876 2009 1918 ad
2026 1874 2152 1932 ipsius
2169 1877 2388 1921 matrimo-

1440 1933 1498 1975 nii
1526 1933 1799 1976 commodum
1831 1948 1916 1978 non
1946 1937 2238 1981 concernebat
2263 1965 2279 1988 ,
2322 1938 2386 1980 ita

1437 1993 1564 2035 etiam
1583 1993 1848 2038 verisimilius
1875 1997 1992 2051 argui
2018 2000 2185 2053 poterat
2200 1995 2274 2041 sub
2290 1998 2384 2054 pal-

1436 2053 1542 2096 liato
1562 2054 1708 2097 colore
1726 2056 1982 2098 matrimonii
2003 2070 2076 2112 per
2097 2058 2382 2101 Donacarium

1436 2114 1715 2157 contrahendi
1749 2113 1922 2158 voluisse
1947 2117 2228 2160 cohonestare
2245 2116 2384 2161 secre-

1436 2175 1588 2218 tiorem
1616 2177 1776 2220 causam
1813 2174 2091 2233 praesentandi
2136 2178 2383 2222 Donantem

1437 2236 1587 2291 vigore
1602 2235 1723 2292 ipfius
1739 2249 1824 2278 met
1838 2248 2090 2294 patronatus
2110 2238 2259 2281 donati
2273 2267 2287 2281 .
2340 2251 2343 2254 ’

1381 2308 1428 2337 11
1494 2297 1574 2338 Pro
1603 2297 1843 2339 remotione
1865 2296 2069 2355 liquidem
2105 2299 2384 2352 objecticon-

1435 2353 1655 2398 fideratum
1671 2355 1755 2398 fuit
1771 2385 1784 2404 ,
1800 2357 2114 2415 quod—ioannes
2130 2360 2276 2402 Petrus
2294 2372 2383 2402 non

1434 2413 1611 2459 donavit
1630 2417 1855 2459 Eustachio
1885 2416 1975 2460 filio
1992 2416 2231 2473 simpliciter
2246 2416 2382 2476 juspa‘-

1433 2486 1627 2517 trouatus
1654 2475 1917 2520 controverti
1933 2478 2157 2527 beneficii,
2174 2477 2245 2521 sed
2263 2479 2379 2521 ulte·-

1431 2535 1518 2576 rius
1539 2536 1618 2578 una
1636 2550 1728 2578 cum
1755 2537 1849 2579 aliis
1863 2536 2023 2589 juribus
2042 2551 2291 2594 patronatus
2322 2539 2377 2582 ad

1430 2594 1513 2636 alia
1549 2609 1823 2654 quaecumque
1851 2597 2058 2640 Beneficia
2086 2601 2371 2655 competenti·

1430 2655 1508 2696 bus
1519 2683 1531 2702 ,
1547 2659 1586 2698 δι
1601 2657 1894 2711 competituris
1909 2686 1923 2706 ,
1942 2659 1982 2698 in
1996 2659 2187 2708 eumdem
2209 2671 2315 2703 cont
2324 2667 2376 2702 u-

1429 2715 1481 2756 lit
1506 2714 1592 2758 duo
1621 2713 1844 2771 conspicua
1867 2716 1994 2760 feuda
2022 2732 2096 2774 per
2118 2716 2248 2775 ipsum
2279 2720 2374 2763 Do·-

1432 2787 1598 2817 nantem
1615 2774 1786 2830 posi'effa
1804 2805 1814 2822 ‚
1830 2777 1986 2820 adeout
2002 2780 2094 2820 cum
2111 2780 2391 2836 Donatarius‘

1433 2847 1485 2875 ex
1502 2833 1736 2887 hujusmodi
1765 2835 1988 2879 feudorum
2017 2839 2249 2882 donatione
2274 2853 2374 2895 pro-

1431 2891 1540 2935 visus
1560 2895 1726 2938 abunde
1740 2910 1976 2939 remaneret
1992 2897 2152 2940 divitiis
2175 2929 2189 2948 ,
2215 2899 2370 2956 quibus

1433 2966 1563 2995 onera
1592 2957 1870 3012 contemplati
1899 2959 2151 3002 matrimonii
2187 2959 2370 3002 validius

1431 3010 1625 3056 sustinere
1653 3015 1837 3064 valeret,
1866 3017 2142 3074 incongruum
2159 3048 2181 3074 ,Δ
2201 3019 2366 3064 idcirco

1431 3072 1652 3124 dijudicari
1668 3089 1751 3117 non
1769 3088 1952 3132 poterat,
1965 3090 2010 3119 ut
2022 3088 2258 3136 eum,quem
2275 3079 2369 3123 Do-

1431 3145 1554 3175 nator
1571 3134 1696 3176 bonis
1715 3149 1900 3185 auxerat,
1916 3137 2076 3189 juribus
2093 3140 2218 3180 etiam
2229 3140 2368 3183 hono-

1431 3191 1558 3235 rificis
1573 3194 1877 3237 condecoraret
1891 3225 1904 3245 ,
1932 3197 1983 3238 ad
1999 3198 2081 3239 hoc
2096 3211 2141 3242 ut
2157 3199 2214 3239 ita
2230 3199 2368 3242 Eusta-

1429 3253 1547 3294 chius
1563 3281 1577 3300 ,
1602 3255 1675 3311 qui
1690 3268 1763 3310 per
1780 3258 2089 3300 matrimonium
2105 3259 2364 3302 contrahen-

1430 3312 1530 3354 dum
1550 3313 1684 3360 Pater,
1701 3319 1741 3357 δε
1756 3327 1881 3372 caput
1896 3315 2074 3358 familias
2092 3317 2364 3368 efficiebatur.

1428 3370 1598 3414 facilius
1625 3371 1783 3416 referre
1815 3373 1947 3431 poiset
1965 3377 2247 3420 Nobilitatem
2265 3394 2365 3435 pro-

1428 3432 1505 3486 prii
1521 3434 1687 3488 generis
1703 3461 1717 3484 ,
1745 3436 1862 3492 quod
1880 3435 2035 3490 jamdiu
2050 3439 2162 3480 inter
2181 3440 2383 3483 nobilio-2

2320 3513 2366 3543 ra
