2502 3848
357 190 488 269 238

422 297 551 356 Qod
568 296 688 339 fihoc
706 294 904 350 procedit
921 290 1306 349 respectuJurispa-

360 357 552 400 tronatus
585 353 784 398 Beneficii
803 355 855 395 A.
889 353 1043 394 annexi
1070 352 1203 395 feudo
1230 366 1305 394 ex·-

362 415 504 475 presse
523 417 770 459 renunciato
796 413 819 455 a
840 414 958 454 Titio
982 412 1128 454 favore
1145 412 1306 468 proprii

362 476 502 519 fratris
521 505 536 526 ,
568 474 739 532 ejusque
771 472 953 515 filiorum
968 499 982 519 ,
1013 477 1052 515 δε
1068 473 1276 514 haeredum
1292 499 1307 520 ,

365 550 418 579 co
434 536 587 578 fortius
605 532 838 592 procedere
852 533 983 574 debet
1000 529 1184 588 respectu
1201 535 1308 573 alte-

363 598 450 640 rius
478 594 824 651 jurispatronatus
854 590 1052 633 Beneficii
1080 594 1123 633 B.
1153 592 1305 633 annexi

364 656 601 698 haereditati
642 656 794 697 reliCtae
828 652 851 694 εὶ
883 651 1057 708 praefato
1092 653 1304 693 Extraneo

361 716 451 774 post
464 714 1035 761 renunciationem,nimirum
1049 712 1165 769 quod
1179 713 1306 753 etiam

363 778 447 819 hoc
460 774 770 832 juspatronatus
802 773 882 813 una
900 786 993 813 cum
1009 772 1117 813 diota
1132 771 1305 813 haeredi-

362 848 449 878 tate
464 864 477 884 ‚
494 838 560 877 cui
576 835 631 877 est
649 846 854 874 annexum
868 829 1050 886 spectare
1066 831 1222 873 debeat
1251 831 1305 873 ad

362 895 662 938 Monasterium
679 895 730 936 A.
749 907 798 934 ex
814 889 990 946 persona
1000 891 1102 931 Titii
1119 889 1304 940 Profeffi,

362 969 448 999 non
475 956 578 998 vero
593 955 646 995 ad
674 952 862 995 haeredes
880 963 1105 993 extraneos
1133 950 1303 992 Renun-

362 1016 527 1058 ciatarii
543 1013 726 1056 defunrsti
742 1040 755 1060 ,
790 1025 874 1053 non
890 1009 1023 1053 solnm
1038 1011 1137 1068 quia
1150 1024 1304 1055 renim--⁴

363 1077 494 1118 ciatio
514 1076 602 1116 haec
631 1070 769 1115 emissa
785 1071 808 1113 ὲ
825 1072 942 1114 Titio
959 1073 1015 1114 est
1043 1067 1272 1126 personalis
1288 1099 1301 1118 ,

366 1134 442 1179 sed
459 1136 586 1176 etiam
601 1135 700 1190 quia
714 1131 1074 1187 comprehendere
1091 1143 1302 1187 nunquam

362 1195 478 1239 valet
507 1195 589 1236 hoc
617 1190 932 1248 juspatronatus
949 1191 1029 1234 una
1045 1203 1138 1232 cum
1169 1191 1302 1233 dicta..-

361 1254 612 1298 haereditate
627 1281 641 1301 ‚
675 1252 852 1293 attentis
873 1263 960 1293 tum
987 1262 1132 1293 natura
1147 1263 1301 1293 renun-

361 1315 563 1358 ciationis
579 1341 591 1361 ‚
608 1324 695 1353 tum
716 1322 858 1353 mente
870 1312 1153 1354 renunciantis
1171 1339 1182 1350 .

306 1391 358 1420 ιο
418 1376 471 1416 Et
489 1372 662 1431 quidem
680 1383 840 1413 attenta
858 1383 1000 1413 natura
1019 1371 1301 1413 renunciatio-
1339 1422 1345 1428 ⁶

362 1435 453 1483 nis,
480 1434 565 1475 haec
581 1433 674 1475 curn
695 1430 741 1473 fit
771 1429 920 1473 odiosa
943 1432 1062 1474 venit
1083 1430 1216 1472 stricte
1234 1431 1301 1471 in-

361 1492 612 1549 telligenda,
625 1494 732 1534 itaut
744 1503 904 1533 tantum
920 1491 1058 1547 capiat
1069 1518 1082 1538 ‚
1099 1501 1300 1548 quantum

359 1555 489 1597 verba
511 1551 657 1596 sonant
674 1580 687 1600 ‚
723 1555 763 1594 &
782 1565 868 1593 non
897 1551 1012 1594 venit
1031 1550 1302 1592 extendenda

360 1614 416 1656 ad
428 1627 476 1655 ea
490 1642 504 1661 ‚
536 1626 627 1670 quae
644 1625 729 1653 non
745 1612 856 1653 clare
871 1611 1031 1653 constat
1044 1624 1117 1666 per
1133 1610 1302 1652 Renun-

368 1674 550 1716 ciantem
562 1669 678 1714 fuisse
690 1669 991 1726 comprehensa
1002 1670 1221 1723 Dec.conss3
1231 1682 1301 1720 79.

364 1747 518 1785 num.4.
534 1731 719 1775 Gratian.
734 1731 975 1785 discept.for.
991 1734 1046 1780 56
1054 1742 1092 1780 5.
1107 1743 1210 1770 num.
1230 1734 1302 1782 63.

362 1794 588 1847 Palmanep.
604 1792 721 1848 alleg.
736 1804 834 1843 307.
850 1805 952 1832 num.
971 1802 1068 1842 304.
1097 1790 1301 1831 Panimoll.

365 1852 478 1906 decis}
498 1867 538 1904 7.
556 1862 689 1894 annot.
712 1864 750 1892 2.
766 1865 873 1892 num.
893 1855 962 1902 36.
980 1855 1067 1892 Rot.
1084 1849 1257 1902 decifi54
1264 1863 1303 1901 3.

364 1927 469 1954 num.
487 1925 505 1951 2
518 1917 558 1953 6.
577 1940 591 1960 ,
605 1910 655 1954 (φ
668 1923 737 1961 44.
746 1923 837 1967 par.
857 1923 895 1961 5.
908 1920 1053 1951 recent.
1068 1938 1082 1958 ,
1104 1908 1154 1952 &⁴
1167 1909 1209 1949 in
1225 1914 1304 1952 Ro-

363 1987 482 2014 mana
512 1970 816 2012 renunciationis
850 1983 869 2008 2
879 1984 919 2023 3.
939 1969 1142 2029 ‘Januarii
1176 1971 1303 2021 1708.

364 2036 402 2079 §-
422 2031 626 2087 Siquidem
640 2060 653 2079 ,
678 2031 727 2074 (9·
744 2036 784 2070 6.
801 2030 911 2081 Maji
931 2043 1059 2080 1709.
1084 2034 1122 2077 §.
1139 2033 1305 2071 Retenta

364 2106 496 2133 coram
514 2090 809 2147 Eminentiffimo
823 2092 952 2132 Scotto
967 2118 980 2138 ‚
997 2089 1046 2132 ὠ·
1069 2104 1133 2130 10.
1152 2088 1307 2130 Martii

370 2164 422 2202 17
434 2165 499 2192 10.
520 2155 558 2199 §.
575 2155 607 2193 E
622 2163 756 2192 contra
771 2165 901 2191 coram
915 2153 1072 2192 R.P.D.
1087 2149 1237 2203 Crispo,
1255 2148 1305 2192 θ

363 2210 406 2252 in
436 2216 613 2253 Romana
627 2209 866 2268 succffonis
882 2222 922 2259 4.
951 2209 1158 2250 Februarii
1176 2220 1253 2260 171
1267 2222 1305 2251 1.

365 2274 405 2318 S.
422 2275 495 2311 Pro
509 2270 714 2311 remotione
735 2284 865 2310 coram
876 2268 1203 2325 Reverendiffimo
1216 2273 1306 2310 Mo·-

308 2340 327 2371 1
340 2342 357 2370 1
376 2329 476 2370 lines
491 2358 502 2368 .
520 2332 660 2385 Quare
676 2330 768 2371 cum
786 2329 898 2370 clare
911 2328 1072 2371 constet
1085 2330 1306 2370 renuncia-

361 2390 528 2433 tionem
541 2387 717 2430 emiffam
737 2389 760 2430 a
777 2389 892 2431 Titio
909 2388 1128 2431 occafione
1145 2386 1305 2446 ingres-

364 2447 434 2492 sus
451 2451 493 2490 in
508 2449 776 2507 Religionem
797 2449 1159 2505 comprehendere
1176 2450 1305 2490 etiam

359 2508 675 2565 juspatronatus
694 2508 774 2550 una
793 2523 887 2550 cum
903 2509 1148 2551 haereditate
1162 2509 1306 2550 reflua

359 2572 412 2611 ab
428 2581 631 2611 extraneo
652 2567 800 2611 favore
832 2567 998 2610 familiae
1016 2568 1119 2609 Titii
1136 2569 1225 2624 post
1236 2569 1303 2610 di-

359 2631 465 2671 ctam
500 2629 861 2670 renunciationem
877 2657 890 2677 ‚
915 2625 984 2669 sed
1002 2628 1085 2670 hoc
1116 2628 1161 2669 fit
1181 2628 1304 2670 valde

362 2689 572 2736 dubium,
598 2687 792 2730 facienda
822 2688 877 2729 est
906 2689 1202 2744 interpretatio
1227 2702 1305 2744 pro

361 2749 487 2790 exclu
500 2747 611 2790 lione
630 2747 870 2799 hujusmodi
885 2747 1269 2803 comprehensionis
1290 2772 1304 2797 -‚

362 2808 463 2850 dum
480 2810 523 2849 in
544 2808 677 2849 dubio
707 2806 869 2863 semper
884 2809 1147 2849 renunciatio
1167 2808 1303 2849 inter-

361 2868 576 2924 pretanda
598 2869 718 2910 venit
735 2865 881 2909 favore
895 2868 1195 2909 Renunciantis
1210 2867 1304 2909 Tor.

361 2927 410 2968 de
423 2926 836 2985 paH.futur.succeſj2
851 2926 919 2968 lib.
940 2940 979 2966 2.
995 2939 1077 2980 cap.
1095 2940 1114 2967 2
1125 2940 1164 2979 3.
1181 2941 1219 2967 n.
1233 2941 1256 2980 3
1267 2941 1304 2968 1.

358 2989 453 3028 Rot.
478 2986 520 3026 in
547 2986 656 3027 ditia
684 2991 861 3028 Romana
891 2987 1204 3028 renunciationis
1233 3002 1253 3028 2
1263 2999 1303 3038 3.

359 3045 564 3104 ‘Januarii
584 3047 710 3096 1708.
728 3051 765 3094 §.
785 3048 1037 3107 Qapropter
1049 3061 1179 3088 corum
1195 3047 1305 3088 Emi-

362 3104 578 3161 nentiffi‘mo
592 3108 722 3147 Scotto
732 3135 745 3147 .

309 3177 357 3207 12
422 3165 599 3207 Attenta
622 3177 760 3207 autem
790 3177 929 3208 mente
964 3165 1267 3209 Renunciantis
1288 3195 1302 3215 ,

366 3236 511 3280 neque
542 3225 802 3266 renunciatio
832 3227 918 3268 haec
949 3227 1163 3268 celebrata
1195 3225 1219 3267 a
1234 3227 1304 3267 Ti-

368 3284 434 3324 tio
453 3284 814 3337 comprehendere
829 3286 964 3340 potest
990 3283 1303 3342 juspatronatus

369 3341 608 3398 praedidtum
641 3342 723 3384 una
749 3357 841 3384 cum
859 3345 1106 3387 haereditate
1121 3345 1262 3393 relicta
1279 3345 1303 3387 ὲ

362 3400 538 3457 praefato
564 3402 774 3442 Extraneo
799 3403 888 3458 post
912 3405 1302 3449 renunciationems

365 3460 617 3514 Huiusmodi
651 3461 763 3504 enim
787 3462 1008 3506 haereditas
1029 3492 1043 3512 ,
1067 3465 1134 3506 cui
1155 3463 1212 3505 cst
1230 3477 1306 3505 an-

755 182 1243 247 Commentaria
1264 182 1346 247 ad
1375 177 1657 270 fingulos
1693 184 1994 247 Canones

1429 306 1579 336 nexum
1596 291 1906 348 juspatronatus
1937 291 1991 333 de
2007 301 2200 345 tempore
2218 301 2371 334 renum

1429 353 1625 396 ciationis
1656 365 1742 395 non
1766 349 2043 408 competebat
2059 351 2204 398 Titio,
2230 363 2371 409 neque

1430 414 1472 455 in
1485 423 1529 455 re
1544 441 1558 461 ‚
1593 426 1732 470 neque
1763 413 1805 453 in
1826 410 1894 467 spe
1914 440 1927 460 ‚
1953 411 2049 453 cum
2081 409 2209 453 fuerit
2226 411 2372 455 relicta

1430 473 1481 515 ab
1498 473 1651 514 eodem
1679 473 1892 514 Extraneo
1921 469 2066 513 favore
2083 470 2248 512 familiae
2265 471 2372 513 Titii

1429 535 1519 588 post
1536 531 1658 584 hujus
1694 532 2079 574 renunciationem:
2112 531 2239 573 Unde
2254 528 2372 573 ficuti

1428 593 1567 633 Titius
1586 605 1671 635 non
1702 603 1869 648 poterat
1887 591 1940 632 de
1973 591 2054 633 hoc
2067 591 2372 646 Jurepatrona-

1428 664 1525 701 tus,
1553 656 1594 695 &
1620 653 1866 694 haereditate
1882 653 2076 708 cogitare
2100 649 2153 692 de
2172 662 2370 706 tempore

1427 713 1758 754 renunciationis
1773 739 1787 759 ,
1817 713 1877 753 ita
1909 724 1985 752 nec
2002 722 2171 765 poterat
2195 710 2307 753 velle
2329 708 2370 752 ei

1427 773 1675 815 renunciare
1690 801 1703 820 ‚
1734 771 1828 813 cum
1845 770 1948 812 nihil
1964 769 2009 812 fit
2026 771 2206 813 volitum
2221 797 2236 818 ,
2266 770 2369 827 quin

1427 833 1731 890 praecognitum
1747 829 1977 877 5Saminiat.
1995 842 2369 881 controv.73.n.27⁶

1425 890 1757 944 Panimoll.decis.
1776 904 1816 941 7.
1831 901 1964 932 annot.
1981 902 2019 941 3.
2033 905 2136 931 numa
2154 903 2193 942 3.
2211 895 2313 932 Rota
2327 884 2370 929 in

1426 952 1536 993 dieta
1552 957 1730 993 Romana
1749 950 2068 992 Renuntiationis
2103 964 2124 990 2
2134 963 2172 1001 3.
2202 950 2369 1008 {Janua-

1427 1012 1483 1052 rii
1507 1013 1634 1062 1708.
1650 1013 1796 1071 §.Qae
1811 1011 1939 1067 omnia
1956 1039 1968 1063 ‚
1986 1009 2035 1053 ὠ·
2055 1014 2094 1050 6.
2110 1009 2220 1060 Maji
2242 1022 2371 1061 ¹709·

1426 1077 1464 1120 §.
1481 1071 1661 1115 Ulterius
1678 1086 1806 1112 coram
1825 1070 2121 1127 Eminentifflmo
2134 1072 2260 1110 Scotto
2277 1097 2291 1117 ‚
2319 1068 2371 1112 ὁ·

1433 1145 1500 1172 10.
1518 1129 1671 1173 Martii
1691 1143 1816 1183 1710.
1843 1136 1883 1178 §-
1905 1131 2024 1173 Ratio
2039 1144 2171 1171 coram
2186 1132 2235 1170 R.
2253 1134 2296 1170 P.
2311 1133 2368 1170 D.

1432 1191 1564 1245 Crispo
1581 1221 1592 1233 .

1371 1263 1419 1303 13
1483 1252 1587 1296 Non
1601 1250 1734 1292 obstat
1749 1279 1761 1298 ‚
1775 1250 1892 1307 quod
1905 1251 2042 1292 Titius
2055 1249 2367 1294 renunciaverit

1421 1312 1596 1368 proprio
1615 1309 1748 1358 fratri,
1765 1308 1933 1367 ejusque
1947 1311 2061 1359 filiis,
2077 1315 2116 1353 δε
2134 1310 2370 1352 haeredibus

1422 1385 1509 1414 non
1526 1370 1657 1413 solum
1671 1370 1861 1419 feudum,
1877 1372 1943 1412 cui
1955 1382 2044 1413 erat
2055 1383 2258 1412 annexum
2275 1366 2364 1424 Jufi-

1421 1443 1667 1488 patronatus
1703 1430 1906 1473 Beneficii
1922 1433 1974 1472 A.
1991 1428 2060 1472 sed
2081 1431 2206 1472 etiam
2227 1430 2371 1472 omnia

1423 1493 1505 1533 alia
1540 1504 1818 1549 quaecumque
1858 1491 1969 1533 bona
1987 1492 2114 1533 etiam
2142 1502 2370 1533 extranea-e

1422 1550 2250 1610 quomodolibet,quomodocumque‚&
2263 1562 2370 1608 qua-

1422 1613 1703 1668 litercumquc
1732 1608 1957 1667 speetantia
1972 1639 1986 1659 ,
2012 1614 2053 1653 &
2084 1610 2369 1665 pertinentia,

1425 1677 1465 1716 &
1477 1669 1787 1728 consequenter
1800 1672 1924 1713 etiam
1939 1670 2246 1713 renunciaverit
2259 1669 2368 1712 hanc

1425 1731 1715 1774 haereditatem
1744 1731 1883 1787 postea
1913 1732 1988 1773 reli
2000 1734 2102 1772 etam
2133 1731 2187 1772 ab
2216 1732 2370 1772 Extra-

1426 1806 1507 1833 neo
1525 1820 1538 1840 ,
1554 1793 1620 1833 cui
1638 1803 1726 1833 erat
1742 1805 1947 1833 annexum
1965 1791 2079 1833 aliud
2089 1787 2367 1846 Juspatrona-

1424 1863 1492 1894 tus
1510 1850 1707 1893 Beneficii
1726 1854 1771 1893 B.
1787 1849 2003 1893 sciendum
2019 1850 2076 1892 est
2089 1850 2199 1892 enim
2211 1878 2229 1899 .,
2246 1848 2366 1907 quod

1427 1912 1552 1954 nobis
1569 1912 1682 1954 bona
1701 1940 1714 1960 ‚
1741 1911 1884 1962 &jura
1898 1912 2125 1968 tripliciter
2143 1922 2365 1967 compete-

1426 1986 1471 2014 re
1488 1970 1634 2027 poffint
1651 2000 1664 2019 ,
1682 1972 1873 2013 nimirum
1884 1985 1932 2013 re
1947 2000 1960 2020 ,
1990 1975 2030 2014 δι
2045 1967 2113 2026 spe
2130 1987 2142 2016 ς
2174 1968 2269 2027 spe,
2292 1967 2367 2025 sed

1427 2045 1513 2073 non
1527 2045 1571 2074 re
1588 2060 1601 2079 ‚
1623 2036 1663 2074 &
1681 2045 1757 2073 nec
1777 2046 1822 2073 re
1835 2060 1848 2080 ,
1864 2045 1941 2073 nec
1956 2030 2025 2087 spe
2043 2047 2054 2076 ς
2085 2033 2209 2085 quta
2224 2030 2366 2078 distin·
2419 2057 2421 2059 -

1426 2093 1610 2134 &ionem
1628 2092 1802 2134 relatam
1820 2093 1843 2134 εὶ
1868 2093 2022 2134 Bartol.
2037 2091 2078 2131 in
2106 2091 2145 2131 l.v
2158 2103 2195 2131 1.
2208 2091 2302 2131 Cod.
2317 2089 2368 2130 de

1420 2153 1532 2206 pati.
1564 2156 1601 2199 §.
1615 2151 1742 2206 primo
1765 2145 1829 2193 lit.
1845 2155 1896 2194 K.
1926 2153 1983 2193 ibi
2000 2177 2037 2185 --
2054 2149 2253 2207 distinguit
2279 2161 2364 2192 tres

1416 2211 1566 2266 species
1574 2212 1740 2262 jurium,
1755 2211 1946 2264 &prima
1959 2211 2025 2263 est,
2046 2223 2129 2264 qua
2141 2210 2247 2252 nobis
2259 2224 2364 2251 com-

1419 2271 1525 2326 petit
1539 2299 1553 2320 ,
1578 2270 1627 2314 ὼ
1629 2272 1700 2326 spe
1719 2271 1986 2325 ‚secundaspe
2000 2299 2013 2319 ‚
2029 2271 2078 2312 (θ’
2094 2284 2167 2312 non
2182 2284 2224 2311 re
2237 2286 2248 2317 ς
2262 2268 2369 2311 Ter-

1427 2332 1486 2373 tia
1501 2346 1565 2372 nec
1572 2332 1657 2384 spe,
1674 2345 1742 2371 nec
1759 2345 1804 2371 re
1818 2356 1857 2364 --
1873 2331 1967 2372 Hoc
1986 2329 2136 2387 posito,
2150 2331 2253 2372 licet
2269 2342 2366 2372 ver-

1428 2391 1481 2433 ba
1499 2388 1728 2446 supradicta
1740 2390 1948 2432 videlicet
1966 2416 2007 2424 --
2021 2390 2147 2432 omnia
2164 2390 2246 2431 alia
2260 2401 2369 2445 que-

1428 2464 1588 2506 cumque
1601 2450 1698 2491 bona
1714 2450 1838 2491 etiam
1854 2463 2049 2492 extranea
2066 2450 2365 2507 quomodolibet,

1428 2510 1773 2566 quomodocumque
1790 2538 1803 2558 ‚
1835 2509 1885 2553 ὼ
1916 2511 2251 2566 qualitercumque
2270 2509 2362 2561 spe-

1425 2569 1581 2611 nantia
1598 2598 1610 2618 ,
1641 2569 1940 2623 &pertinentia
1950 2596 1986 2604 --
2000 2568 2365 2625 comprehendere

1426 2629 1575 2686 poffint
1594 2629 1667 2670 illa
1683 2630 1796 2672 bona
1813 2659 1826 2679 ‚
1840 2630 1981 2682 &jura
1996 2659 2008 2678 ‚
2041 2642 2130 2686 quae
2146 2627 2265 2671 Titio'
2282 2627 2366 2669 Re-

1430 2690 1644 2731 nuncianti
1677 2691 1975 2745 competebant
2006 2690 2058 2731 de
2089 2701 2282 2745 tempore
2297 2700 2367 2728 re·-

1427 2750 1717 2791 nunciationis
1735 2763 1779 2790 re
1794 2778 1808 2797 ,
1825 2753 1864 2792 &
1884 2747 1952 2805 spe
1972 2778 1984 2798 ‚
2001 2761 2071 2791 aut
2086 2748 2178 2805 spe,
2195 2752 2233 2790 δι
2252 2759 2365 2789 non-o

1426 2823 1488 2858 re,
1501 2820 1642 2850 tamen
1654 2809 2013 2864 comprehendere
2028 2822 2110 2851 non
2125 2808 2272 2858 ,valent
2286 2807 2365 2848 bo-

1427 2882 1478 2910 na
1497 2896 1510 2916 ,
1545 2873 1584 2911 &
1603 2868 1691 2920 jura
1705 2869 1777 2910 illa
1795 2897 1807 2917 ‚
1826 2881 1917 2925 quae
1933 2868 1986 2911 de
2003 2883 2055 2910 eo
2071 2879 2261 2924 tempore
2277 2875 2363 2907 non

1430 2927 1737 2983 competebant
1753 2929 1871 2970 Titio
1884 2955 1898 2976 ‚
1917 2941 1993 2970 nec
2007 2926 2074 2984 spe
2094 2956 2108 2976 ,
2122 2941 2197 2970 nec
2213 2940 2275 2974 re,
2293 2922 2365 2966 sed

1427 2988 1479 3030 ad
1494 2988 1604 3030 hunc
1619 2984 1807 3029 effestum
1823 2988 2161 3044 requirebantur,
2179 2986 2298 3043 quod
2309 2984 2365 3026 il-

1425 3048 1466 3089 la
1480 3051 1608 3090 verba
1624 3045 1753 3089 essent
1771 3048 1948 3103 probata
1960 3044 2151 3090 clausulis
2163 3047 2262 3088 talis
2274 3043 2366 3087 effi-

1424 3108 1547 3150 caciae
1564 3135 1577 3155 ,
1595 3118 1639 3147 ut
1653 3107 1805 3148 clarius
1821 3107 2110 3152 ostenderetur
2125 3135 2138 3155 ‚
2156 3105 2273 3163 quod
2289 3103 2374 3155 Til

1428 3169 1512 3208 tius
1531 3167 1779 3208 renuncians
1793 3167 2046 3224 cogitaverit
2061 3165 2113 3207 dc
2126 3167 2252 3207 Bonis
2267 3165 2363 3214 ‚seu

1423 3227 1585 3279 juribus
1602 3254 1615 3274 ,
1632 3240 1708 3267 nec
1723 3223 1791 3281 spe
1806 3254 1819 3273 ,
1849 3239 1924 3268 nec
1940 3239 1983 3267 re
1998 3226 2060 3267 illi
2074 3225 2362 3280 competenti-

1425 3287 1503 3328 bus
1517 3315 1530 3335 ,
1547 3297 1591 3329 vt
1609 3283 1697 3328 sunt
1713 3286 1773 3326 hae
1785 3299 1849 3326 ex.
1867 3299 1929 3342 gr.
1946 3287 2007 3327 Ex
2020 3285 2145 3339 Causa
2156 3283 2362 3337 defuturo,

1432 3345 1514 3387 five
1532 3360 1583 3388 ex
1597 3345 1719 3398 Causa
1735 3359 1842 3386 nova
1859 3374 1871 3393 ‚
1904 3343 1983 3387 five
1998 3345 2046 3386 de
2057 3359 2159 3385 novo
2163 3344 2364 3398 super-ve*

1428 3406 1559 3446 niente
1570 3434 1583 3454 ‚
1608 3405 1724 3458 juxta
1745 3404 1972 3446 doctrinam
2001 3403 2155 3446 Bartoli
2185 3403 2226 3444 in
2254 3402 2366 3444 dina

1444 3464 1518 3505 l·1-
1534 3465 1625 3508 Cod.
1638 3465 1685 3506 de
1705 3465 1818 3526 pubi.
1833 3464 1909 3518 sub
1935 3476 2097 3515 num.4.
2111 3463 2305 3507 Gallerat.
2319 3460 2368 3519 de

2227 3534 2370 3564 renun-
