2456 3802
368 165 694 252 DeJurep.
720 157 1100 228 Par.II.Can;
1125 152 1377 231 XXVII.
1399 164 1544 230 Cas?
1561 165 1662 228 111.
1806 224 1816 232 .

131 282 307 327 Constat
332 281 481 338 itaque
499 281 523 324 ὰ
538 283 674 337 primo
704 278 839 339 -usque
870 280 923 322 ad
940 280 1039 322 ulti-

75 357 186 386 mum
218 340 479 399 saepedictum
502 341 555 383 de
569 341 792 384 Antinoris
815 339 1037 382 Penliona-

79 406 216 451 rium,
244 404 325 460 qui
353 398 555 458 assumpsit
585 401 786 443 Militiam
819 401 861 442 in
893 401 1034 456 copiis

80 462 316 521 pontificiis
343 491 356 510 ‚
405 475 489 504 non
535 459 702 503 amififfe
748 457 838 517 ipso
879 461 988 503 facto
1021 488 1035 508 ‚

84 528 125 567 &
155 522 246 581 ipso
272 525 375 578 Jure
406 519 680 570 Penfionem‚
699 532 787 562 tum
819 535 919 578 quia
950 534 1037 563 non

82 586 205 626 datur
250 583 336 625 ulla
368 583 438 624 lex
467 611 480 631 ,
505 584 658 626 Canon
683 609 694 629 ‚
737 592 806 622 aut
832 581 1036 623 constitu-

82 645 146 687 tio
160 672 174 692 ,
207 656 298 700 quae
312 644 407 686 cixm
425 643 564 698 privet
579 639 669 697 ipso
679 643 783 697 Jure
803 642 910 682 dista
928 642 1037 682 Pen-

82 703 198 747 fione
221 732 234 751 ,
256 716 345 745 tum
364 704 462 760 quia
477 702 592 744 bona
608 699 691 742 fide
707 729 720 749 ‚
752 705 791 743 δε
809 700 1037 752 justiffima,

86 763 342 807 credulitate
357 761 726 819 procefit‚quand0
744 761 910 803 Militiae
926 762 1037 803 Pon-

86 822 226 866 tificiae
243 822 283 864 se
300 821 510 878 adscripsit
527 850 540 870 ‚
553 822 646 864 etun
664 835 888 878 numquam
904 821 1039 863 existi-

87 885 266 928 maverit
282 913 295 932 ,
327 883 444 941 quod
475 880 675 924 inservire
699 883 871 924 Summo
889 882 1039 923 Ponti-

90 943 159 986 fici
174 943 220 985 fit
236 942 458 985 Ecclesiam
481 971 494 991 ,
526 946 565 984 &
581 942 842 983 Clericatum
861 942 1039 983 habere)

90 1019 168 1063 pro
187 1005 390 1046 dereli6to
407 1033 418 1043 .
449 1004 501 1043 Et
518 1001 679 1058 optime
703 1000 861 1044 sciebat
874 1001 1038 1043 licitum

91 1063 170 1108 effe
203 1064 386 1108 Clericis
418 1063 460 1104 in
487 1063 630 1104 multis
662 1062 821 1104 casibus
852 1061 1040 1117 superiiis

91 1124 285 1181 expreffis
303 1152 316 1172 ,
336 1122 513 1165 maxime
530 1123 572 1163 in
588 1122 662 1164 isto
681 1137 758 1179 pro
777 1121 1041 1164 defensione-2

93 1183 308 1232 Ecclesiae,
327 1197 437 1226 arma
453 1179 672 1227 affumere3
709 1183 835 1224 Unde
856 1182 904 1224 ne
925 1184 962 1224 ei
978 1194 1043 1223 at-

94 1247 357 1288 tribuatutin
372 1256 539 1300 poenam
559 1272 573 1291 ,
605 1242 723 1300 quod
738 1244 780 1284 in
800 1243 1044 1299 praemium..-

95 1305 274 1348 adscribi
289 1304 466 1347 deberet
480 1317 558 1359 pro
573 1300 740 1346 servitio
753 1303 930 1361 praestito
946 1303 1046 1358 San-

95 1369 168 1409 &ae
185 1367 381 1407 Romanae
396 1362 586 1406 Ecclefiae
602 1392 613 1411 ,
647 1362 871 1405 dicendum
899 1364 1015 1405 venit
1031 1391 1045 1411 ‚

102 1427 192 1479 ejus
223 1425 467 1468 Penfionem
499 1437 584 1467 non
612 1418 733 1465 afuiffe
750 1422 840 1480 ipso
855 1424 960 1479 Jure
975 1437 1047 1465 ex-

96 1488 266 1530 tinctam
283 1513 298 1534 ,

158 1575 895 1646 “ARGUMENTUM.

41 1700 154 1757 An,
172 1703 217 1749 ὃ(
234 1710 330 1761 quae
344 1689 627 1739 conditiones
650 1691 812 1754 apponi
830 1688 853 1736 εὶ
874 1684 1045 1735 Funda-

112 1762 207 1815 tor'e
232 1766 278 1812 in
304 1764 459 1810 limine
482 1759 757 1808 fundationis
790 1756 1000 1806 Beneficii
1032 1789 1048 1816 ‚

113 1845 161 1886 &
181 1834 412 1900 approbari
428 1829 594 1897 poffint
610 1830 664 1877 ab
681 1828 901 1900 Episcopo
916 1828 933 1876 ζ

245 1919 861 1988 SU'MMARIUM.

78 2045 96 2073 1
131 2028 332 2073 Fundator
347 2023 535 2081 Beneficii
546 2022 671 2078 potest
696 2021 737 2061 in
754 2020 890 2062 limine
892 2019 1051 2073 funda-

165 2087 285 2133 tionis
302 2099 488 2142 apponere
506 2083 742 2125 conditiones
758 2110 770 2129 ‚
783 2094 884 2137 quas
897 2081 990 2122 vult
1004 2081 1052 2121 de

167 2148 344 2202 consensu
361 2142 786 2192 ordinarii3dummodo
798 2155 872 2182 non
874 2143 960 2197 fint
970 2140 1051 2181 illi-

170 2209 255 2252 citae
273 2237 286 2256 ,
303 2205 536 2264 impoffi'biles
553 2213 727 2259 ,tur-pes,
747 2201 795 2245 &-
815 2200 1054 2254 conti-asub-

173 2268 372 2312 fiantiam
386 2265 572 2322 Beneficii
588 2295 599 2305 .

88 2345 110 2373 2
145 2330 343 2372 Fundator
365 2326 488 2382 potest
523 2337 712 2380 apponere
736 2322 1057 2370 conditionem),

176 2390 281 2446 quod
297 2388 615 2447 ‘'Juspatronatus
628 2385 687 2438 sit
717 2384 884 2434 alicujus
912 2383 1028 2424 tertii
1047 2411 1061 2430 ,

177 2450 249 2506 qui
262 2462 336 2488 non
340 2446 542 2501 fundavit
561 2473 575 2494 ‚
609 2459 683 2486 non
695 2442 917 2496 construxit
945 2471 960 2491 ‚
996 2457 1063 2483 nec

177 2509 340 2551 dotavit
353 2508 552 2560 Ecclestam
568 2536 580 2548 .

95 2585 117 2625 3
151 2570 352 2612 Fundator
376 2567 497 2622 potest
527 2579 713 2621 apponere
742 2563 1034 2606 conditionem,
1050 2592 1064 2612 ‚

182 2630 288 2688 quod
297 2634 489 2670 Patronus
500 2626 609 2685 poffit
617 2626 852 2681 prasentare
863 2653 874 2671 ,
888 2623 937 2666 ὠ
954 2623 1066 2676 [nsti-

181 2702 288 2734 tutos
301 2700 458 2730 mutare
468 2717 482 2736 ,
492 2685 728 2743 quotiesstbi
741 2685 946 2726 videbitur
962 2711 974 2722 .

91 2767 120 2805 4
152 2750 352 2794 Fundator
374 2748 414 2789 in
439 2747 570 2790 limine
575 2744 831 2800 fundationis
842 2741 978 2798 potest
998 2756 1067 2799 ap·-

180 2824 327 2867 ponerc
341 2808 596 2850 conditionem
611 2834 624 2855 ,
653 2806 760 2861 quod
777 2806 921 2848 Reelor
940 2809 1066 2846 Bene-

177 2871 267 2929 ficii
281 2884 353 2911 non
366 2879 552 2911 teneatur
578 2866 746 2908 recitare
762 2864 958 2908 Divinum
975 2863 1068 2918 Offi-

188 2932 288 2972 cium
301 2959 314 2979 ,
330 2929 549 2985 sedsolitm
564 2925 739 2981 Officium
746 2938 924 2980 parvum
938 2930 1068 2968 Beatae

190 2991 363 3047 Virginis
378 3020 390 3031 .

108 3066 127 3104 5
164 3054 364 3094 Fundator
378 3050 419 3092 in
435 3048 565 3091 limine
571 3047 826 3102 fundationis
843 3075 858 3095 ,
884 3062 936 3088 an
956 3046 1067 3104 poffit

189 3124 377 3167 apponere
399 3109 653 3150 conditionem
681 3136 694 3155 ,
727 3107 834 3162 quod
854 3106 1070 3160 Beneficia-

188 3183 255 3214 tus
258 3169 489 3225 finti-§fabiis
515 3167 692 3210 oneribus
709 3167 818 3224 poffit
848 3167 894 3207 cle
910 3166 1068 3220 frufli-

189 3234 259 3275 bus
285 3230 594 3274 exuberantibus
611 3228 793 3282 Beneficii
804 3227 1040 3280 disponere...
1058 3255 1071 3275 ‚

192 3295 298 3347 acsi
319 3291 434 3350 ffnt
450 3291 617 3346 fruft'us
645 3287 988 3330 Patrimoniales?
1019 3289 1071 3330 Et

194 3366 306 3394 num.
315 3366 332 3393 1
343 3365 362 3391 2
371 3380 382 3392 .

109 3416 134 3453 6
168 3412 364 3462 Fundaton
378 3412 420 3454 in
434 3410 566 3453 limine
581 3408 836 3465 fundationis
852 3407 974 3461 potest
1000 3420 1071 3462 ap-

187 3484 332 3528 ponere
348 3472 619 3524 conditionem‚
633 3471 737 3526 quod
735 3469 902 3523 fruc‘t‘us
918 3469 1072 3524 Benefi-

227 3537 330 3576 Pars
355 3535 409 3574 II.

1163 282 1168 287 ’
1225 280 1278 322 cii
1290 281 1620 336 tamfiafficicntes
1645 282 1703 323 ad
1711 280 2076 334 sustentationem,
2091 306 2106 326 ³

1225 340 1347 395 qudm
1358 343 1732 390 exuberantes,cz>m
1746 341 1926 391 vacabit,
1933 343 2029 396 suos
2029 344 2110 398 fa-

1224 413 1306 443 ctat
1318 430 1330 441 .

1137 473 1165 512 7
1196 462 1396 502 Fundator
1414 462 1550 515 potest*
1564 474 1754 516 apponere
1785 464 2079 507 conditionem..
2091 495 2106 516 ‚

1229 521 1337 577 qaod
1341 521 1451 579 pfft
1457 522 1692 575 praesentari
1706 523 1764 564 ad
1772 524 2005 578 Beneficium
2019 526 2109 565 Cle-

1226 581 1332 621 ricus
1374 583 1562 634 cptemnis
1577 611 1591 631 ,
1614 581 1736 623 ctiam
1749 585 1796 637 si
1809 583 1913 624 alids
1928 586 2107 643 voluiffit

1228 641 1299 699 effi·
1315 642 1566 684 sacerdotale
1582 673 1593 684 .

1142 702 1166 742 8
1199 703 1397 743 Fundator
1421 702 1548 756 potest
1565 714 1757 758 apponere
1773 703 2071 745 conditionem..
2090 732 2104 752 ,

1229 762 1335 816 quod
1342 763 1578 817 Beneficium
1594 777 1669 804 non
1683 764 1883 815 cadatfieb
1914 764 2104 817 reserva·
2160 787 2164 790 -

1227 821 1396 863 tionibus
1409 823 1630 876 Aprstolicis
1640 854 1652 865 .

1142 894 1166 930 9
1199 883 1246 922 In
1261 882 1396 922 limine
1413 883 1670 936 fundationis
1688 882 1814 938 potest
1828 883 1965 938 apponi
1981 884 2108 925 condi-

1230 941 1284 984 tio
1297 970 1310 990 ,
1324 943 1430 998 quod
1441 943 1792 1000 Beneficium-pofflt
1802 944 1970 986 obtineri
1979 946 2028 985 ab
2039 945 2108 985 ba·-

1230 1003 1342 1044 bente
1365 1002 1647 1056 pluralitatem
1676 1004 1956 1058 Beneficiorum
1988 1033 2001 1054 ,
2034 1006 2119 1058 seu·
2159 1026 2166 1031 ·

1232 1063 1340 1116 quod
1349 1063 1481 1116 nonsit
1498 1064 1784 1119 incompatibile
1798 1092 1810 1103 .

1119 1133 1136 1161 1
1147 1136 1170 1161 0
1203 1123 1404 1164 Fundator
1428 1123 1469 1164 in
1481 1124 1616 1166 limine
1619 1123 1876 1179 fundationis
1893 1153 1907 1174 ‚
1938 1139 1991 1166 an
1995 1124 2107 1183 poffit

1232 1195 1418 1238 apponere
1444 1185 1697 1228 conditionem
1727 1214 1741 1234 ‚
1781 1183 1887 1239 quad
1908 1188 2106 1227 Patronus

1228 1243 1338 1299 poffi't
1352 1245 1579 1298 transferre
1592 1243 1825 1300 Beneficium
1838 1245 1887 1287 ab
1903 1258 1976 1286 uno
1991 1246 2109 1287 Alta·
2125 1280 2128 1282 .

1233 1303 1669 1358 riinaliud?&n.12.
2051 1326 2054 1334 ’

1119 1374 1136 1401 1
1150 1374 1166 1401 1
1203 1362 1405 1417 Epifiopus
1426 1392 1438 1412 ‚
1440 1365 1487 1417 st
1495 1366 1635 1422 absque
1654 1365 1885 1407 rationabili
1908 1366 2023 1418 causti
2041 1375 2110 1407 'no-

1230 1422 1280 1463 lit
1295 1424 1505 1476 consentire
1519 1426 1800 1469 conditionibus
1828 1425 2059 1480 apponendis
2086 1426 2130 1466 d-
2153 1431 2164 1452 ‘-

1231 1484 1456 1525 Fundatorc
1482 1485 1523 1526 in
1549 1486 1680 1528 limine
1679 1485 1934 1540 fundationis
1951 1487 2108 1541 Bent'fi-

1233 1543 1285 1584 cii
1295 1571 1309 1591 ‚
1324 1544 1450 1598 potest
1458 1557 1533 1598 per
1547 1546 1790 1600 superiorem
1820 1545 2015 1600 compelli,
2043 1546 2116 1587 ivel

1227 1602 1306 1658 ipse
1311 1603 1495 1658 superior
1508 1606 1606 1645 dare
1622 1606 1820 1648 licentiam
1832 1637 1843 1647 .

1119 1675 1168 1715 13
1206 1666 1343 1706 Votum
1366 1663 1661 1723 Eminentiffi'mi
1673 1665 1900 1707 Cardinalis
1915 1662 2110 1721 Francisci

1196 1733 1202 1750 ³
1222 1723 1434 1766 Barberim'
1446 1724 1488 1767 in
1501 1726 1617 1778 ¹causa
1635 1726 1819 1768 Pennen.
1836 1725 2115 1781 approbatio-

1233 1784 1296 1826 nis
1312 1782 1577 1827 fundationis
1594 1814 1607 1834 ,
1624 1783 1694 1828 seu
1708 1784 1937 1828 Beneficii.

1118 1854 1170 1894 14
1199 1845 1245 1884 In
1273 1843 1406 1884 limine
1410 1844 1667 1897 fundationis
1676 1846 1800 1900 potest
1828 1846 1967 1901 apponi
1985 1846 2114 1887 condi-
2162 1849 2175 1871 ⁷*-

1233 1903 1293 1945 tio
1308 1931 1321 1952 ‚
1356 1905 1463 1959 quod
1483 1905 1746 1960 Beneficiatus
1760 1919 1835 1947 non
1852 1905 1961 1963 pofflt
1989 1905 2031 1945 in
2049 1921 2118 1947 ea-

1234 1964 1322 2004 dem
1334 1962 1507 2021 Ecclisia*
1517 1966 1629 2005 aliud
1640 1965 1800 2019 offi'cium
1814 1965 1987 2006 retinere
2003 1994 2014 2005 .

1120 2035 1137 2063 1
1150 2036 1169 2075 5
1204 2024 1404 2066 Fundator
1419 2025 1461 2065 in
1471 2025 1603 2066 limine
1601 2026 1857 2080 fundationis
1863 2026 1988 2080 potest
2002 2037 2116 2081 appo·
2175 2050 2177 2052 ·

1231 2099 1323 2126 nere
1340 2086 1596 2127 conditionem
1616 2115 1630 2134 2
1658 2085 1809 2142 quoidst
1829 2088 2007 2127 Summus
2017 2091 2119 2127 Pon-

1232 2144 1341 2199 tiftx
1354 2173 1367 2193 ‚
1391 2146 1463 2185 vel
1476 2146 1714 2188 ordinarius
1727 2148 1915 2200 occasione
1929 2147 2119 2189 vacatio-

1236 2204 1299 2247 nis
1319 2206 1505 2260 Beneficii
1519 2207 1560 2246 in
1574 2207 1694 2248 Curia
1711 2235 1723 2255 ‚
1742 2207 1814 2261 vel
1826 2222 1880 2249 ex
1897 2207 1974 2248 alio
1991 2206 2119 2261 capite

1238 2265 1522 2317 reservaverit
1523 2266 1603 2321 sibi
1620 2267 1853 2322 Beneficium
1882 2296 1896 2316 ,
1922 2273 2119 2309 Patronus
2163 2301 2170 2306 .

1239 2339 1312 2366 non
1327 2335 1512 2369 teneatur
1523 2342 1565 2369 eo
1580 2327 1669 2379 casu
1672 2328 1835 2380 solvere
1842 2327 2009 2381 fruetus
2026 2357 2037 2368 .

1127 2400 1143 2427 1
1154 2391 1180 2427 6
1210 2386 1412 2428 Fundator
1437 2387 1478 2427 in
1507 2386 1640 2428 limine
1661 2387 1917 2441 fundationis
1950 2387 2121 2443 Ecclesia

1240 2446 1485 2488 Parochialis
1500 2476 1514 2496 ‚
1545 2458 1615 2488 aut
1635 2447 1890 2503 Catbedralis
1906 2447 2031 2500 potest
2041 2447 2122 2502 sibi

1241 2508 1454 2561 reservare
1463 2509 1532 2558 jus
1543 2506 1767 2548 nominandi
1779 2506 2138 2549 Praedicatorem-

1238 2566 1281 2605 in
1296 2568 1431 2608 eadem
1448 2567 1630 2622 Ecclesia,
1646 2580 1714 2607 nec
1729 2566 1992 2619 Praefintatus
2007 2567 2119 2608 debet

1238 2626 1367 2682 rigide³
1379 2626 1608 2668 examinari
1621 2655 1632 2666 .

1127 2701 1143 2727 1
1154 2700 1177 2738 7
1210 2687 1410 2728 Fundator
1446 2689 1617 2743 apposita
1649 2685 1690 2727 in
1719 2686 1857 2727 limine
1866 2684 2120 2740 fimdationis

1240 2746 1456 2788 conditione
1482 2775 1496 2795 ‚
1530 2747 1636 2802 quod
1651 2747 1882 2800 praesentari
1906 2747 2046 2788 debeat
2069 2749 2125 2787 ad

1240 2806 1475 2861 Beneficium
1486 2807 1631 2862 aliquis
1643 2808 1689 2847 de
1687 2807 1851 2862 familia
1866 2808 1982 2863 ipsius
1998 2834 2012 2855 2
2029 2822 2121 2850 att-³

1231 2867 1343 2925 posp‘t
1358 2879 1594 2910 extraneum
1599 2867 1836 2922 praesentare
1849 2869 1867 2908 ἒ
1899 2871 1902 2874 ’

1128 2941 1177 2985 18
1212 2929 1414 2969 Fundator
1428 2929 1597 2984 Ecclefiae
1626 2927 1847 2983 Collegiatae
1862 2926 1987 2982 potest
2007 2939 2124 2981 appo-

1240 3001 1332 3029 nere
1349 2988 1602 3029 conditionem
1617 2987 1814 3028 retinendi
1828 2988 1870 3027 in
1870 2989 1943 3040 suo
1945 2987 2123 3039 servitio

1241 3048 1412 3102 aliquem
1425 3062 1476 3090 ex
1490 3047 1695 3090 Canonicis
1708 3047 1821 3089 diffie
1835 3048 2126 3101 Ecclest'ae.Am-

1254 3109 1339 3163 plia
1354 3136 1367 3156 ‚
1381 3119 1425 3148 ut
1440 3109 1525 3150 ibi.

1138 3182 1155 3210 1
1166 3182 1187 3218 9
1221 3165 1422 3209 Fundator
1437 3168 1604 3222 Ecclest'ae
1618 3167 1838 3225 Collegiatae
1846 3167 2051 3225 potestsibi
2064 3183 2127 3210 re-

1236 3229 1414 3281 servare
1439 3232 1507 3282 jus
1523 3228 1750 3270 concedendi
1775 3229 1816 3270 in
1833 3242 1878 3270 ea
1893 3229 2096 3283 Coppellas
2112 3257 2126 3277 ‚

1251 3288 1482 3342 sepulturas
1498 3317 1511 3338 ,
1527 3303 1572 3329 ac
1582 3288 1899 3344 jurafipeliendi
1917 3318 1928 3329 .

1137 3363 1190 3391 20
1222 3351 1269 3389 In
1289 3349 1422 3390 limine
1426 3348 1682 3402 fundationis
1695 3349 1820 3404 potest
1837 3349 1975 3404 apponi
2002 3349 2129 3391 condi-

1253 3408 1309 3451 tio
1322 3439 1335 3459 ,
1346 3421 1389 3451 ut
1405 3410 1637 3464 Beneficium
1638 3409 1698 3462 stt
1708 3421 1931 3466 exemptum
1946 3411 1995 3452 ab
2007 3409 2129 3450 omni-

1253 3471 1322 3512 bus
1338 3469 1514 3512 oneribus
1530 3501 1541 3512 .

1608 3531 1707 3573 Rrr
1741 3544 1761 3571 2
2057 3528 2136 3580 Ap*
