2456 3802
341 171 492 250 ‘448

283 302 304 343 3
318 303 335 331 1
355 285 510 329 stolicae
526 292 663 338 neque
678 277 843 321 firmant
858 306 871 327 ‚
893 291 1033 335 neque
1061 278 1289 318 immutant

340 348 488 389 statum
503 339 703 383 Beneficii
734 339 815 381 five
850 350 1001 394 agatur
1028 338 1083 379 de
1103 339 1291 394 Jurepa-

336 415 529 449 tronatus
546 401 686 443 laicali
704 428 717 449 ‚
737 398 818 441 five
835 397 1123 450 Ecclesiastico
1137 426 1149 446 ‚
1167 397 1286 450 cujus

333 468 483 510 statum
511 463 648 504 multo
694 459 828 517 magis
870 473 956 503 non
1001 460 1287 502 intervertunt

333 522 598 584 provisiones
614 520 871 577 Apostolicae
902 548 915 568 ,
943 533 1036 578 quae
1067 533 1152 562 non
1191 516 1286 560 sunt

335 585 558 630 contrariae
574 582 646 625 scd
663 581 960 638 compatibiles
972 595 1066 623 cum
1082 580 1195 623 dicto
1206 580 1288 635 Ju-

335 656 638 702 -repatronatus
669 641 956 684 Ecclefiastico
987 671 1001 690 ,
1040 653 1286 698 tamquam..-

335 705 522 760 subjecto
570 702 928 752 reservationibus
968 700 1229 756 Apostolicis
1270 726 1284 746 ‚

336 767 573 819 Marfiott.
589 778 687 804 var.
705 763 815 814 resol.
830 763 897 802 lib.
909 774 944 801 1.
962 772 1074 813 cap-5
1087 773 1125 811 ς.
1141 771 1231 800 nrt-1
1244 760 1286 800 8.

334 828 456 870 Card.
477 827 523 866 de
540 829 631 866 Luc.
646 825 692 863 de
703 825 881 875 jurepat.
897 820 1034 873 difi·.7.
1065 835 1169 861 num.
1193 832 1259 872 14.
1272 848 1286 867 ,

333 890 427 934 Rot.
443 885 484 925 t‘n
507 883 701 939 Afiulana
726 882 1074 936 jurispatronatus
1096 885 1164 921 26.
1197 881 1284 940 “Ja-

335 945 468 991 nuarii
489 957 616 996 1703.
633 948 672 991 §.
690 944 934 1005 ⁴Qopost'm,
967 941 1017 986 ὠ·
1031 941 1072 982 in
1090 942 1285 983 Ariancn.

333 1006 755 1064 Archipresbyteratus
774 1016 843 1053 27.
858 1003 982 1061 ‘Junii
1005 1004 1130 1054 1708.
1149 1007 1188 1049 §.
1210 1005 1287 1043 Eo-

333 1083 409 1124 que
419 1067 565 1108 certius
581 1080 658 1106 cor.
677 1067 770 1104 Εῆιο
785 1065 914 1104 Scotto
929 1092 940 1103 .
972 1062 1022 1107 ὠ·
1048 1064 1091 1104 in
1127 1060 1288 1104 Medio-

331 1131 465 1171 lanan.
480 1125 666 1182 Beneficii
685 1138 719 1165 1.
742 1123 888 1178 Aprilis
906 1137 1033 1174 1707.
1052 1128 1092 1171 §.
1106 1129 1188 1166 Nec
1201 1136 1289 1163 ma-

328 1188 397 1248 gis
413 1203 496 1229 cum
501 1189 618 1243 fi’qq.
632 1201 711 1228 cor.
727 1189 879 1227 R.P.D.
900 1185 1082 1237 ansaldo,
1095 1182 1285 1240 superins

337 1246 528 1305 impress.
554 1252 652 1289 Can.
677 1247 810 1287 XXII.
836 1247 989 1287 XXIII.
1025 1274 1038 1294 ,
1066 1244 1116 1288 ὢ
1134 1246 1283 1287 XXIV.

334 1310 494 1364 CasJV.
511 1324 549 1350 n.
556 1322 577 1361 3
590 1321 626 1348 1.

276 1389 331 1431 32
398 1371 459 1411 Ex
475 1370 545 1412 hic
568 1368 801 1411 notandum
822 1368 940 1410 venit
955 1396 970 1417 ,
995 1366 1117 1425 quod
1132 1362 1286 1422 posses-

332 1429 394 1474 fio
411 1460 424 1480 ‚
442 1436 480 1474 &
499 1430 671 1471 ultimus
690 1430 814 1471 status
844 1442 928 1471 non
958 1426 1094 1470 solum
1122 1426 1285 1483 acquiri

332 1491 474 1549 potest
501 1488 688 1546 respectu
719 1486 1098 1543 jurispraesentandi
1129 1488 1252 1530 ac‘tivi
1268 1515 1282 1534 ,

331 1566 482 1594 verum
521 1552 647 1594 etiam
678 1547 866 1606 respectu
907 1545 1286 1605 iurispraesentandi

332 1612 475 1669 passivi
501 1640 515 1660 ,
546 1609 617 1653 seu
632 1612 729 1670 quis
761 1623 845 1651 non
879 1607 1013 1651 solnm
1032 1608 1166 1663 potest
1184 1605 1285 1649 effe)

331 1675 375 1715 in
396 1670 641 1729 poss'effione
660 1667 935 1727 praesentandi
957 1699 969 1718 ‚
1003 1667 1075 1710 sed
1095 1669 1222 1710 etiam
1242 1669 1284 1710 in

332 1732 576 1791 poss'effione
596 1743 640 1774 ut
656 1728 928 1787 praesentetur
949 1729 972 1772 εὶ
992 1731 1178 1771 Patrono
1196 1758 1209 1776 ,
1228 1742 1281 1770 eo

328 1795 436 1851 quia
452 1790 612 1849 semper
627 1819 640 1839 ‚
660 1795 698 1834 δε
717 1793 758 1833 in
774 1804 1042 1847 quacumque
1060 1790 1284 1831 vacatione

334 1852 538 1896 Beneficii
557 1853 619 1894 illi
633 1851 688 1892 de
709 1852 797 1903 ejus
816 1849 974 1891 familia
1004 1848 1163 1891 fuerint
1179 1863 1284 1905 prae-

329 1911 516 1962 scutati,
534 1911 604 1954 sed
624 1912 676 1954 ad
690 1913 799 1953 hunc
820 1908 1011 1952 effectum
1032 1911 1284 1968 requiritur,

329 1974 452 2032 quod
467 1971 815 2029 praesentationes
842 1971 1013 2014 illorum
1032 1971 1086 2012 de
1104 1971 1192 2023 ejus
1212 1969 1278 2012 fa-

328 2035 447 2078 milia
463 2032 620 2076 fuerint
637 2031 751 2075 fac‘tae
770 2046 820 2074 ex
838 2032 1076 2074 neceffitate
1110 2061 1123 2081 ,
1157 2033 1281 2074 nimi-

329 2108 420 2138 rum
443 2123 457 2144 ‚
474 2094 591 2153 quod
612 2095 818 2136 Patronus
840 2094 992 2134 volens
1014 2090 1281 2149 praesentare)

327 2168 574 2201 extraneum
589 2153 715 2196 fuerit
730 2154 1032 2207 rejestus,a1ias
1050 2154 1166 2196 distae
1180 2167 1283 2209 prae-

327 2214 591 2259 sentationes
611 2213 957 2271 praesumerentur
974 2211 1087 2254 faetae
1121 2227 1171 2255 ex
1200 2229 1279 2255 vo-

330 2278 498 2319 luntate
517 2277 720 2322 Patroni,
748 2279 788 2317 &
817 2273 867 2316 fic
886 2271 1015 2315 essent
1047 2275 1198 2330 ineptae
1228 2275 1281 2316 ad

328 2337 614 2379 coercendum
631 2337 859 2377 Pati-onum
878 2334 929 2375 ad
950 2332 1281 2390 praesentandum

326 2397 452 2440 etiam
475 2399 517 2439 in
549 2395 756 2452 posterum
776 2409 851 2436 eos
878 2394 931 2436 de
958 2395 1068 2436 dicta
1097 2394 1282 2438 familia..-

325 2458 442 2512 juxta
471 2457 736 2513 punctualem
755 2454 1012 2497 decisionem
1043 2456 1084 2496 in
1102 2455 1282 2497 Bitunti-

326 2534 379 2560 na
393 2517 678 2573 Beneficiorum
705 2530 768 2569 13.
789 2515 940 2556 Martii
979 2529 995 2554 1
1008 2528 1030 2564 7
1046 2520 1110 2556 16.
1130 2521 1167 2563 §.
1185 2516 1282 2568 Abs-

325 2593 401 2633 que
417 2593 457 2619 eo
471 2607 484 2627 ‚
500 2578 604 2635 quod
618 2591 749 2619 coram
762 2579 914 2618 R.P.D.
958 2575 1091 2630 Crispo
1107 2575 1169 2617 hic
1205 2577 1280 2618 im-

321 2638 446 2694 press.

360 2743 571 2785 R.P.D.
639 2742 1189 2785 FOSCARO.

501 2832 739 2875 Astoricen.
756 2833 1016 2875 Parochialis
1029 2864 1039 2874 .

542 2918 659 2956 Lunae
674 2918 713 2957 8.
731 2916 853 2975 ‘Junii
878 2923 1004 2970 1716.

269 3002 371 3110 C
390 2997 600 3040 Ontentio
629 2996 751 3054 super
794 2999 1113 3049 adjudicatione
1143 3003 1277 3044 Paro-

404 3058 554 3099 chialis
571 3058 763 3100 Ecclefiae
793 3060 839 3099 B.
854 3059 998 3102 Mariae
1029 3062 1082 3102 de
1108 3062 1278 3104 Laroxo

327 3115 567 3159 Astoricen.
598 3118 804 3161 Dioecefis
832 3121 875 3160 in
901 3116 1176 3163 antecedenti
1210 3136 1280 3164 va-

327 3177 495 3217 catione
523 3177 784 3227 judiciaiitcr
818 3180 842 3221 a
885 3181 1026 3223 nostro
1057 3181 1280 3224 Tribunali

323 3232 498 3276 definita
514 3235 661 3279 favore
678 3240 860 3281 Antonii
874 3242 1066 3283 Sanchez
1097 3239 1274 3298 praesen-

323 3294 403 3333 tati
430 3293 454 3335 a
484 3297 867 3340 Commendatario
898 3302 1182 3344 Commendae
1203 3302 1279 3344 de)

324 3353 523 3408 Qiroga
552 3356 726 3397 Ordinis
745 3359 982 3413 S.Joannis
1019 3360 1275 3419 Hierosoly-

323 3414 496 3460 mitani,
522 3413 693 3456 excluso
712 3418 936 3472 Alphonso
956 3421 1010 3461 de
1032 3420 1169 3465 Caffal
1187 3422 1278 3474 ejus

323 3473 584 3532 Oppofitore
604 3473 858 3531 praesentato
884 3493 958 3535 per
979 3478 1278 3526 Poffefforema

741 158 1235 227 Commentaria
1265 160 1349 225 ad
1384 157 1666 248 fingulos
1696 165 1998 228 Canones

1418 278 1656 329 Majoratus
1676 278 1729 320 de
1744 279 1907 321 Grixoa
1927 307 1940 327 ‚
1975 289 2021 320 ut
2049 291 2100 321 ex
2116 278 2365 323 Decifionv

1413 339 1527 380 edita
1542 353 1683 381 coram
1702 338 2034 381 Eminentiffimo
2055 340 2368 383 D-meoCardi-

1412 399 1496 441 nali
1508 399 1661 441 Scotto
1677 400 1746 440 die
1761 405 1802 440 6.
1819 399 2037 442 Februarii
2064 406 2191 450 1699.
2209 429 2221 448 ,
2238 402 2366 444 inre*

1410 460 1525 502 centi
1543 457 1728 511 ejusdem
1745 460 2006 502 Parochialis
2036 463 2258 504 vacatione
2288 476 2358 504 re-

1411 532 1570 562 novata
1584 522 1726 562 extitit
1742 534 1887 563 coram
1907 535 1972 563 me
1990 523 2103 563 inter
2119 522 2229 563 duos
2247 522 2301 563 ali
2312 536 2361 565 os

1403 578 1640 638 Josephum
1657 595 1808 637 nempe
1824 610 1836 630 ‚
1861 586 1901 625 &
1917 582 2126 624 Thomam
2141 584 2192 624 ab
2209 580 2358 626 iisdem

1409 642 1604 683 Patronis
1624 640 1853 698 respective
1875 640 2354 700 praesentatos‚parique

1408 698 1520 743 sorte
1540 699 1758 745 succubuit
1774 703 1962 744 Thomas
1977 731 1989 750 ,
2008 704 2081 760 qui
2096 717 2170 759 per
2183 701 2361 759 praesen-

1410 762 1617 804 tationem
1630 762 1653 804 a
1672 761 1896 805 possessore
1914 763 2148 814 Majoratus
2171 764 2224 805 de
2258 763 2361 805 Gri-

1409 835 1492 864 xoa
1506 834 1873 878 reportaverat‚e0
1891 824 2011 881 quod
2026 824 2214 866 Dubium
2228 848 2267 858 --
2280 829 2360 866 Am·

1411 882 1461 925 &³
1477 883 1604 937 cuistc
1619 884 1753 924 danda
1767 883 1960 938 institutio
1976 910 2011 917 --
2043 882 2330 940 proJosephov
2342 912 2358 932 ,

1411 940 1736 998 praesentatione
1755 945 1854 986 diCti
1873 945 2251 989 Commendatoris
2272 942 2358 987 suf-

1409 1002 1522 1105 {ulto
1539 1033 1551 1051 ,
1568 1018 1622 1045 eo
1639 1016 1801 1047 tantum
1818 1003 2076 1048 informante
2098 1005 2274 1048 Domini
2290 1018 2360 1048 re-

1430 1064 1634 1106 olverunt
1651 1093 1663 1105 .

1350 1133 1402 1175 33
1466 1125 1676 1166 Exhibuit
1703 1127 1812 1168 enim
1848 1125 1934 1183 ipse
1963 1124 2359 1184 praesentationem,

1410 1185 1463 1227 ad
1478 1183 1537 1226 sui
1550 1183 1741 1228 favorem
1758 1188 1953 1245 legitime
1969 1185 2153 1230 emiisam
2177 1189 2200 1231 a
2213 1187 2359 1245 praefa-

1414 1257 1461 1288 to
1480 1246 1859 1291 Commendatario
1872 1277 1887 1297 ,
1905 1250 1947 1291 in
1969 1250 2192 1292 vacatione
2209 1251 2358 1292 imme·-

1410 1306 1529 1349 diate
1544 1308 1800 1362 praecedenti
1818 1306 2094 1365 praesentante
2112 1309 2354 1366 praediaum

1407 1368 1642 1410 Antonium
1664 1367 1798 1410 Sanch
1809 1383 1856 1411 ez
1877 1397 1891 1418 ,
1919 1384 1992 1424 per
2023 1370 2140 1422 cujus
2157 1371 2355 1412 obitum:

1409 1442 1518 1471 nunc
1535 1440 1655 1470 vacat
1671 1428 1945 1474 controversa
1965 1431 2230 1473 Parochialis
2247 1459 2263 1480 ,
2279 1429 2355 1472 fibi

1406 1496 1635 1546 propterea
1663 1489 1845 1533 debetur
1875 1491 2081 1533 institutio
2118 1518 2132 1540 ‚
2162 1491 2260 1533 dum
2287 1490 2356 1543 jus

1407 1551 1579 1592 metitur
1595 1550 1738 1594 abillo
1756 1579 1769 1598 ‚
1795 1553 1869 1611 qui
1897 1549 2357 1607 expraesentatione‘in

1407 1611 1551 1652 ultima
1571 1612 1792 1654 vacatione
1819 1609 2008 1654 effectum
2029 1609 2178 1655 sortita
2193 1612 2356 1669 reperi-

1406 1672 1532 1712 turin
1553 1667 1794 1726 posseffione
1815 1670 2088 1727 praesentandi
2109 1673 2229 1722 ‚cum
2248 1671 2357 1715 nihii

1417 1732 1558 1787 magis
1574 1733 1748 1773 obvium
1766 1731 1907 1781 fit,nifi
1923 1734 2042 1790 quod
2059 1734 2099 1775 in
2125 1731 2359 1775 Beneficia-

1408 1792 1518 1834 libus
1539 1790 1710 1834 ultimus
1729 1791 1854 1834 status
1874 1790 2032 1849 semper
2054 1793 2296 1849 praevaleat,
2312 1797 2355 1837 δε

1405 1851 1653 1895 attendatur
1667 1881 1680 1902 ,
1696 1864 1740 1894 ut
1760 1867 1810 1895 ex
1827 1854 1956 1895 Text.
1973 1854 2014 1895 in
2031 1866 2115 1910 cap.
2137 1854 2358 1916 Qerelam

1407 1914 1455 1955 de
1469 1911 1647 1955 elenion.
1662 1942 1676 1961 ,
1712 1913 1762 1957 &¹
1777 1913 2033 1968 eleffipotest.
2050 1944 2063 1963 ‚
2096 1913 2146 1958 ὼ·
2165 1925 2250 1969 cap.
2267 1928 2373 1955 con-.
2396 1934 2411 1952 ·.

1391 1973 1608 2028 sulcation.
1625 1974 1672 2014 de
1686 1974 1903 2031 ”Jurepatm
1921 1975 2080 2017 docent
2115 1974 2240 2017 Fatin.
2265 1973 2348 2017 im,

1403 2046 1487 2088 cap.
1503 2047 1592 2074 eam
1607 2045 1647 2074 te
1669 2048 1733 2074 nu.
1740 2035 1861 2089 final.
1890 2036 1946 2076 ad
1966 2038 2067 2079 med.
2091 2035 2138 2077 de
2167 2034 2347 2088 'resa-rt'pt.

1403 2094 1574 2135 Federic.
1596 2094 1732 2145 desen.
1749 2096 1951 2149 conſs434.
1984 2112 2022 2136 n.
2029 2108 2068 2147 3.
2085 2096 2190 2148 vets.
2212 2095 2290 2150 fid
2310 2094 2352 2135 in

1404 2155 1491 2208 casu
1501 2155 1688 2209 proposito
1702 2183 1716 2204 ‚
1747 2158 1896 2198 Lotter.
1928 2157 1976 2197 de
1992 2169 2034 2196 re
2049 2155 2207 2210 benefic.
2229 2155 2344 2207 lib.4.

1402 2231 1468 2272 qu.
1475 2228 1545 2268 34.
1561 2227 1625 2256 n.2
1640 2229 1674 2258 1.
1690 2244 1705 2264 ,
1737 2219 1830 2257 Rot.
1845 2216 1886 2258 in
1907 2216 2161 2259 Meli-vitam
2191 2213 2354 2270 Benefi-·

1403 2276 1548 2317 ciorum
1569 2288 1584 2315 1
1597 2291 1634 2315 0.
1653 2275 1777 2334 ‘Junii
1796 2290 1846 2327 17
1859 2282 2017 2324 12.§.1.
2041 2276 2175 2319 coram
2190 2279 2346 2320 R.P.D.

1401 2335 1664 2378 Aldrbvando
1694 2363 1708 2384 ‚
1731 2334 1781 2379 ὼ
1810 2337 2075 2379 Mediolanen.
2101 2336 2288 2391 Beneficii
2302 2347 2348 2389 7.‘

1402 2395 1526 2457 ‘'Junii
1546 2407 1762 2448 1715.cor.
1789 2401 1939 2440 R.P.D.
1955 2398 2086 2452 Crispo
2101 2426 2114 2446 ‚
2139 2397 2190 2441 ὰ
2218 2397 2261 2438 in
2275 2397 2346 2439 Βὶ-
2367 2436 2380 2457 ,

1400 2456 1566 2500 tuntina
1601 2458 1882 2513 Beneficiorum
1927 2471 1994 2510 13..
2041 2458 2195 2500 Martii
2231 2449 2367 2515 elapst²
2385 2460 2388 2463 ’

1404 2521 1442 2568 5.
1455 2517 1653 2571 Institutio
1658 2518 1857 2575 fiquidem
1872 2533 2004 2560 coram
2017 2519 2146 2577 eodem
2158 2547 2170 2560 .

1463 2579 1615 2636 quue
1646 2581 1800 2623 certius
1823 2608 1835 2628 ‚
1866 2580 2023 2638 quiain
2041 2580 2203 2622 duabus
2231 2606 2246 2627 ,
2277 2580 2364 2631 vel,

1409 2640 1546 2681 tribus
1565 2638 1657 2680 aliis
1688 2640 2025 2696 pra-cedentibus
2054 2639 2349 2682 vacationibus

2436 0 2456 272 i

2447 276 2456 341 i

2435 2284 2452 2327 32

2431 2339 2456 2444 Ξ

2431 2442 2438 2457 ψ,

1401 2701 1635 2756 plenarium
1663 2697 1821 2742 sortirae
1844 2699 2013 2743 fuerunt
2031 2698 2220 2742 effectum
2250 2713 2349 2756 praeq
2410 2724 2416 2728 -
2442 2700 2445 2702 ’

1401 2758 1661 2803 sentationes
1695 2762 1872 2817 expletae
1901 2762 1923 2803 ὲ
1958 2761 2348 2806 Commendaeariis

1404 2836 1483 2878 pro
1510 2830 1704 2877 tempore
1736 2837 1749 2869 3
1781 2823 1924 2866 Testes
1954 2820 2102 2864 itidem
2121 2820 2345 2869 examinffl

1403 2883 1458 2923 de
1475 2881 1593 2923 annis
1617 2893 1744 2934 1395.
1761 2910 1772 2929 ,
1793 2886 1832 2924 δι
1861 2884 1989 2934 1687.
2007 2883 2059 2923 de
2076 2879 2342 2937 poss'effioue)

1399 2942 1475 2983 dd.
1492 2941 1899 2984 Commendatorum
1930 2942 2243 2984 concludenter
2273 2940 2345 2985 deu.

1399 3013 1564 3058 ponunt
1580 3030 1593 3050 ‚
1608 3005 1647 3043 ὅτ.
1663 3001 1804 3057 plures
1822 2999 2037 3045 sentcntiae
2055 2998 2339 3054 injudicatum

1398 3058 1637 3110 transactae,
1664 3059 1848 3118 ipsorum
1877 3062 1968 3116 jus,
1999 3067 2039 3107 δε
2057 3058 2342 3119 poffeffionem

1398 3124 1555 3180 pariter
1572 3124 1875 3174 canonizarunt
1902 3152 1916 3173 ‚
1945 3124 2024 3167 illa
2056 3120 2216 3165 scilicet
2240 3123 2341 3164 anni

1406 3195 1533 3234 1517.
1564 3195 1637 3239 per
1669 3197 1795 3241 quam
1819 3182 1900 3225 fuit
1925 3185 1979 3228 de
1997 3183 2075 3226 hac
2105 3181 2343 3224 parochiali

1400 3245 1591 3300 privatus
1609 3241 1883 3286 Praesentatus
1900 3245 1952 3286 ab
1968 3243 2233 3287 Authoribus
2248 3240 2357 3283 Pos:
2387 3256 2393 3262 ·

1400 3301 1563 3346 sessoris
1580 3304 1817 3357 Majoratus
1832 3305 1885 3347 de
1898 3305 2060 3347 Grixoa
2074 3331 2087 3352 ‚
2104 3303 2263 3344 tributa
2277 3304 2342 3345 in-

1397 3364 1618 3406 stitutione
1633 3362 1886 3420 praesentato
1908 3379 1982 3422 per
2011 3363 2347 3405 Commendam-

1400 3424 1533 3465 rium:
1567 3424 1716 3465 Altera
1733 3426 1830 3467 anni
1850 3425 1976 3474 1678.
1997 3452 2010 3473 ‚
2028 3438 2113 3480 qua
2129 3424 2346 3466 mediante

1398 3482 1480 3526 fuit
1496 3483 1734 3539 adjudicata
1751 3484 1859 3529 dicta
1885 3484 2146 3530 Parochialis
2162 3481 2344 3528 Praesem

2254 3554 2348 3586 tato

2437 3455 2456 3517 «nm
2434 3141 2456 3441 cmwaamffl
2437 3031 2456 3127 §.RV-³³⁴
2447 3003 2451 3010 ι
