2456 3802
359 231 491 300 390

423 344 508 373 mus
511 326 644 379 status
649 329 708 382 sit
725 327 927 382 ambiguus
943 355 956 375 ‚
971 328 1042 368 vel
1058 328 1276 384 aequivocus
1293 354 1306 374 ,

426 386 783 443 autpromanansd
797 387 912 428 titulo
928 387 1069 438 infeHo
1087 417 1099 435 ³
1133 388 1204 427 vel
1218 402 1307 427 con-

425 448 624 490 tradibtus
639 476 652 496 ,
682 446 730 489 &⁴
747 446 1011 488 contradictor
1027 448 1305 502 triumphave—

426 510 484 551 rit
500 525 510 554 ;
518 509 631 561 secus
635 508 680 561 sl
675 507 923 560 succubuerit
939 537 952 556 ‚
984 507 1078 564 quia
1101 520 1193 550 tunc
1207 507 1302 548 ulti-

425 584 510 612 mus
513 567 646 619 status
656 568 790 622 potius
803 567 1090 617 corroboratur,
1110 572 1149 611 δι
1167 582 1206 610 n.
1225 581 1294 607 20.

379 655 382 659 -
426 634 467 673 &
487 644 507 670 2
521 642 556 669 1.

317 706 336 732 2
350 704 369 731 2
405 687 653 733 Pertinentia
663 687 1006 740 jurispatronatus
1016 687 1182 741 probari
1184 685 1308 739 potest

386 781 388 784 v
430 749 638 801 nonsolitm
661 759 733 800 per
749 747 944 799 publicum
975 746 1307 798 instrumentum-2

386 838 390 842 -
416 805 687 863 fundationis,
702 806 772 846 vel
787 807 998 848 dotationis
1016 835 1028 854 ‚
1039 819 1111 861 per
1127 805 1308 864 confefflo-

763 204 1250 275 Commentaria
1280 207 1362 273 ad
1380 206 1673 297 ÷fingu10s
1702 215 1998 278 Canones

1361 338 1419 379 47
1450 328 1756 378 Descendentia‚
1780 343 1834 370 ex
1851 329 1992 383 quibus
1997 330 2223 385 probetur?
2252 334 2364 377 Vide

1487 387 1565 434 ibi,
1582 392 1621 429 δε
1639 390 1823 437 num-48.
1843 393 1966 440 &49.
2130 440 2133 441 ⁷

1367 456 1388 496 5
1397 461 1421 485 o
1454 446 1619 502 Tempus
1632 447 1834 505 conceffitm
1848 447 1875 488 d
1882 451 1976 501 jure
1987 451 2044 490 ad
2041 454 2358 505 presentandum

1487 520 1561 547 non
1573 507 1700 549 currit
1713 535 1727 555 ‚
1753 507 1830 560 nisi
1837 508 1863 549 d
1879 508 1940 549 die
1955 510 2000 550 de
2007 512 2361 567 monstratascien-

1481 578 1546 608 ttae
1564 595 1575 606 0
2335 595 2339 599 ’

1374 636 1393 675 5
1408 639 1424 666 1
1460 625 1692 678 constitutio
1717 628 1959 683 Gregoriana
1977 630 2097 684 super
2115 630 2358 684 publicandis

1486 686 1804 742 restgnationibus
1817 703 1867 728 an
1874 691 2065 741 procedat
2088 690 2130 730 in
2157 692 2360 748 Beneficiis

1484 745 1663 801 litigiosis
1681 747 1699 786 ἒ

1374 815 1393 854 5
1404 817 1424 843 2
1461 805 1573 860 ‘Jura
1574 803 1783 859 sanguinis
1789 806 1887 857 sunt
1910 806 2270 863 impraefiriptibilia
2287 839 2299 852 .

428 882 514 908 nem
529 866 665 907 Partis
682 893 696 914 ,
726 864 772 907 &
788 878 861 919 per
875 881 957 906 rem
967 867 1188 919 judicatam
1204 894 1216 914 ,
1233 865 1311 918 sed
1368 875 1387 914 ς
1397 876 1419 918 3
1452 863 1745 923 Qasipfffflo
1754 866 2016 918 praestntandi
2029 884 2094 910 an·
2101 870 2160 923 sit
2172 873 2358 927 transito-

430 926 550 970 etiam
559 936 632 978 per
648 925 930 979 aequipollentes
950 927 1306 980 demonstrationes,

429 987 485 1028 ad
499 983 672 1043 effiffum
689 995 732 1025 ut
740 986 1000 1038 praesentatus
1028 987 1054 1026 d
1080 985 1308 1040 Proprieta-

430 1046 489 1088 rio
495 1045 733 1098 praeferatur
748 1046 979 1099 praesentato
1000 1048 1048 1087 ab
1064 1044 1252 1098 existente
1265 1046 1306 1086 in

420 1104 633 1163 poffifflone
641 1105 902 1158 praesentandi
927 1107 1092 1148 nondum
1104 1105 1277 1158 instituto
1291 1134 1305 1156 ,

431 1170 471 1208 &
491 1177 675 1214 num-23.
698 1179 764 1216 ²4·
782 1169 819 1207 ὃ(
840 1176 908 1213 25.

322 1239 376 1277 29
415 1225 588 1269 Ultimus
589 1223 724 1274 status
740 1241 792 1265 an
808 1254 820 1272 ,
838 1225 885 1267 ὠ
903 1226 1055 1280 quando
1072 1225 1305 1267 attendatur

429 1286 484 1327 ad
498 1283 674 1340 effecstum
691 1284 931 1341 cognoscendi
945 1299 995 1325 an
1010 1285 1242 1339 Beneficium
1243 1288 1304 1341 sit

429 1345 616 1384 Saeculare
632 1372 644 1391 a
658 1345 729 1385 vel
740 1345 931 1400 Regulare
952 1372 964 1392 ‚
986 1346 1195 1385 amovibile
1210 1373 1223 1392 ‚
1234 1345 1306 1386 vel

421 1413 657 1459 perpetuum
680 1431 693 1453 ‚
723 1403 966 1460 rcfi'dentiale
994 1431 1007 1452 ‚
1036 1405 1107 1445 vel
1129 1419 1203 1447 non
1218 1405 1236 1447 ἓ
1261 1408 1302 1447 &

428 1476 540 1505 num.
562 1475 630 1514 30.

323 1536 344 1576 3
357 1536 374 1563 1
410 1523 656 1578 Provisiones
676 1524 887 1577 Apostolicae
902 1538 1022 1578 neque
1026 1524 1217 1578 firmant,
1231 1538 1300 1566 ne-

429 1596 505 1638 que
518 1584 729 1624 immutant
732 1583 883 1634 statum
894 1585 1098 1638 Beneficii.
1129 1585 1298 1638 Amplia

429 1654 475 1684 ut
492 1655 678 1695 num.32.
697 1648 734 1685 Sc
758 1657 828 1694 33.
844 1645 995 1685 Limita
1012 1656 1055 1685 ut
1073 1659 1181 1685 num.
1199 1657 1267 1696 34.

313 1714 368 1757 37
400 1703 572 1746 Ultimus
589 1702 723 1744 flatus
738 1703 961 1744 attenditur
990 1704 1058 1745 lite
1067 1705 1295 1757 pendenm,

427 1763 534 1804 inter
555 1767 768 1804 Patronum
787 1791 800 1811 ‚
819 1763 867 1805 ὠ·
883 1763 1136 1805 ordinarium
1162 1764 1297 1805 vindi-

427 1833 580 1864 cantem
594 1822 818 1864 libertatem
832 1822 1014 1875 Beneficii
1029 1851 1040 1862 .

312 1881 368 1934 38
401 1883 660 1934 Praesentatus
674 1881 702 1921 d
717 1882 860 1934 majori
867 1894 986 1936 parte
998 1885 1294 1925 patronorum-2

425 1939 478 1992 est
490 1939 746 1990 instituendus
760 1969 774 1989 ‚
791 1941 839 1983 ὠ
847 1942 1110 1995 praeferendus
1126 1944 1295 1998 Praesen-

427 2009 515 2041 tato
530 2000 557 2040 d
572 2001 714 2041 minori
720 2011 838 2055 parte
852 2031 864 2042 .
1253 2055 1256 2057 Α

310 2072 364 2113 39
397 2059 484 2103 Lite
492 2062 683 2115 pendente
690 2061 822 2114 solum
826 2061 950 2115 super
959 2061 1203 2115 pertinentia
1229 2064 1295 2112 ju·

423 2118 729 2173 rispatronatus,
742 2134 795 2161 an
811 2120 861 2162 &⁶
872 2132 944 2174 pro
965 2135 1009 2160 ea
1028 2122 1294 2163 determinan-

423 2179 535 2232 dasit
547 2179 830 2236 considerabilis
846 2180 1122 2238 quastpoffl’ffio
1137 2209 1150 2229 ‚
1167 2181 1216 2224 ὠ·
1232 2182 1294 2223 ul-

423 2238 542 2280 timus
540 2239 675 2289 status
691 2241 708 2280 ἓ

308 2309 364 2348 40
397 2297 481 2340 Lite
489 2298 684 2352 pendente
710 2301 832 2354 super
851 2297 1094 2352 pertinentia
1117 2300 1292 2354 jurispa-

425 2367 608 2399 tronatus
625 2359 777 2399 concedi
779 2359 882 2410 solet
905 2358 972 2399 uni
982 2361 1216 2412 Praesentato
1228 2360 1291 2401 in-

412 2416 573 2469 stitutio
589 2446 603 2467 ‚
633 2418 752 2459 alteri
768 2418 863 2460 verb
873 2419 1128 2473 prasentanti
1136 2419 1290 2461 canoni-

375 2497 378 2500 >
423 2476 536 2518 zatio
541 2477 799 2530 proprietatis
812 2508 823 2520 .

306 2546 358 2584 41
393 2535 477 2594 ‘Jus
490 2537 790 2591 conferendi,jus
807 2538 987 2593 eligendi,
1006 2548 1076 2579 aut
1090 2540 1290 2580 nominan-

418 2594 463 2635 di
480 2597 710 2650 plerumque
724 2597 922 2654 synonimc)
945 2599 1120 2640 adbiberi
1137 2599 1288 2652 solent;

422 2656 494 2696 vel
507 2657 562 2696 ad
576 2657 745 2698 invicem
761 2685 774 2705 ,
790 2657 852 2698 ubi
866 2660 997 2700 eadem
1011 2659 1115 2700 ratio
1133 2672 1290 2699 concur-

422 2714 478 2756 rit
493 2715 793 2769 ‚fraternizant
808 2746 820 2758 .
1196 2732 1199 2735 “

302 2786 357 2823 42
392 2772 531 2814 Literae
560 2775 772 2829 Apostolicae
801 2776 842 2818 in
870 2777 1042 2818 omnibus
1067 2778 1287 2832 justificatae

408 2833 506 2885 sunt
523 2835 755 2890 exequenda
771 2867 782 2877 .

302 2894 330 2941 4
334 2903 354 2942 3
390 2893 614 2944 Existentia
631 2895 969 2949 jurispatronatus
999 2898 1190 2950 probatur
1212 2908 1288 2950 per

404 2953 644 3004 sententiam
653 2955 898 3007 transac'Jam
910 2957 950 2996 in
961 2970 1044 2996 rem
1051 2956 1287 3008 judicatam,

418 3011 468 3055 &⁶
483 3013 735 3065 observantia
752 3015 975 3056 roboratam
986 3044 996 3055 .

303 3081 360 3119 44
389 3072 536 3112 Gratia
544 3084 619 3126 pro
635 3075 872 3126 Praest’ntato
895 3075 1051 3117 obtenta
1075 3075 1101 3115 ἆ
1120 3076 1289 3129 praefin-

420 3139 506 3171 tato
527 3132 552 3171 d
566 3134 710 3183 majori
718 3143 839 3187 parte
861 3139 1117 3176 patronorum
1141 3134 1286 3176 dicitur

418 3188 571 3230 inutilis
583 3218 595 3237 ,
616 3191 664 3233 (φ’
678 3193 734 3233 ad
745 3194 932 3244 majorem
949 3195 1142 3236 cautelam
1156 3225 1168 3236 .

234 3240 237 3242 ¹
301 3258 353 3296 45
397 3248 703 3304 Consanguineus
718 3251 758 3293 in
770 3253 952 3306 paritate
965 3268 1105 3296 vocum
1121 3254 1284 3308 estprae-

406 3307 598 3359 firendus
620 3338 631 3349 .

298 3368 354 3415 46
389 3367 436 3405 In
455 3365 783 3418 jurepatronatus
806 3371 1001 3427 gentilitio
1041 3376 1164 3415 Pater
1203 3372 1283 3413 und

414 3437 514 3535 cums
508 3424 599 3475 filio
629 3427 820 3479 constituit
830 3430 1009 3486 geminas
1036 3446 1152 3474 voces
1173 3459 1185 3481 ,
1207 3432 1283 3484 seu

411 3495 484 3537 per
503 3498 593 3525 onas
609 3512 619 3523 .

1482 925 1547 965 ria
1562 925 1617 964 ad
1636 925 1830 966 haeredes?

1628 1026 1924 1073 CASUS
1985 1029 2071 1072 1v.

1463 1119 1804 1165 Raetendentibus
1834 1124 1921 1166 illis
1950 1125 2003 1167 de
2018 1124 2175 1167 familia
2189 1126 2356 1179 Funda-

1363 1127 1445 1235 P
1478 1182 1581 1222 toris
1596 1181 1792 1224 Beneficii
1815 1185 1852 1224 A
1883 1185 1934 1225 ad
1954 1183 1993 1226 se
2011 1182 2189 1240 spectare
2205 1185 2354 1246 Juspa-

1421 1251 1609 1282 tronatus
1642 1270 1654 1289 ‚
1682 1256 1764 1284 non
1786 1244 1886 1285 vero
1918 1244 1970 1286 ad
1990 1246 2096 1287 baere
2107 1246 2200 1287 dem
2219 1258 2355 1289 extra-¹

1422 1313 1542 1342 neum
1564 1301 1750 1353 ejusdem
1782 1303 2030 1346 Fundatoris
2065 1305 2353 1356 universaliter

1418 1359 1650 1402 institutum
1682 1377 1693 1407 3
1722 1374 1835 1403 mota
1849 1362 1926 1404 fuit
1941 1364 2148 1406 hincinde
2165 1365 2218 1406 lis
2233 1364 2354 1422 super

1416 1420 1676 1474 pertinentia
1705 1450 1718 1469 ‚
1747 1419 1814 1463 seu
1832 1422 2354 1480 proprietateJurispatro-

1417 1489 1540 1521 natus
1568 1493 1706 1521 coram
1729 1481 1972 1524 Ordinatio.
1989 1485 2174 1525 Vacante
2191 1484 2355 1530 hocin-
2410 1539 2413 1540 ⁷

1416 1539 1537 1580 terim
1559 1538 1774 1582 Beneficio
1802 1555 1876 1596 per
1903 1543 2064 1585 obitum
2092 1544 2180 1596 ejus
2203 1545 2354 1588 Resto-

1413 1598 1471 1639 ris
1486 1614 1496 1641 ς
1528 1598 1720 1653 praefatus
1742 1602 1876 1643 haeres
1909 1600 2151 1654 universalis
2175 1605 2352 1648 existens

1409 1657 1452 1699 in
1470 1655 1581 1713 posse
1603 1658 1725 1702 ffione
1751 1659 2019 1716 praesentandi
2043 1690 2058 1711 ‚
2084 1661 2349 1720 praesentavit

1410 1717 1464 1758 ad
1481 1717 1586 1759 illud
1612 1718 1825 1762 Clericum
1842 1722 2057 1771 idoneum,
2079 1726 2118 1776 &j
2135 1722 2345 1766 habilem.

1410 1778 1626 1831 Qaeritur
1643 1792 1692 1821 an
1709 1780 1970 1830 Ordinarius,
1990 1782 2119 1825 stante
2132 1780 2343 1834 hujusmo-

1413 1836 1456 1877 di
1469 1837 1696 1891 pendentia
1709 1839 1794 1879 liris
1818 1836 1935 1895 super
1951 1842 2204 1896 proprietate
2219 1841 2350 1898 Juriss-

1411 1908 1685 1951 patronatus,
1702 1898 1819 1952 poffit
1836 1900 1988 1942 dietum
2002 1902 2218 1944 Cleri-cum
2242 1914 2347 1958 prae-

1419 1952 1624 1998 sentatum
1637 1958 1881 1999 instituere?
2231 1965 2236 1970 '
2393 1990 2426 2010 „2

1361 2027 1379 2055 1
1486 2014 1835 2071 Respondendum
1854 2018 2020 2061 videtur
2034 2016 2347 2078 negativaebsola
2423 2012 2442 2057 ἰ

1417 2087 1600 2131 namque
1622 2075 1734 2132 quasi
1748 2074 1931 2133 poffeffio
1951 2078 2221 2134 praesentandi
2243 2107 2255 2128 ‚
2271 2081 2345 2122 im
2435 2078 2438 2085 ’

1411 2147 1494 2190 qua
1528 2137 1740 2190 reperitur
1780 2136 1970 2191 praefatus
1996 2138 2124 2181 haere's
2152 2141 2345 2182 ratione.»

1411 2195 1542 2235 unicae
1565 2192 1896 2249 praesentationis
1914 2197 1936 2238 εὶ
1952 2194 1991 2240 se
2006 2197 2118 2239 faeae
2148 2201 2191 2253 in
2222 2210 2344 2241 ante-

1411 2254 1513 2294 riori
1531 2255 1751 2298 vacatione
1766 2254 1981 2305 Beneficii,
1993 2255 2203 2314 suffragati
2223 2258 2345 2300 mini·-

1407 2312 1473 2354 me
1495 2310 1608 2368 posse
1626 2313 1790 2356 videtur
1808 2327 1881 2356 nec
1897 2314 1968 2370 ipsi
1983 2316 2034 2357 ad
2053 2315 2238 2358 effeetum
2255 2326 2346 2375 rna-5

1408 2383 1482 2412 nut
1495 2371 1649 2413 enendi
1665 2375 1707 2414 in
1722 2372 1828 2415 dieta
1844 2372 2081 2429 poffeffione
2096 2404 2109 2424 ‚
2140 2391 2215 2418 nec
2246 2377 2339 2429 eius

1406 2429 1661 2474 Praesentato
1687 2433 1741 2474 ad
1764 2431 1949 2477 effectum
1967 2433 2254 2493 consequendi
2273 2437 2339 2478 in-

1409 2490 1683 2539 stitutionem,
1697 2492 1793 2534 dum
1810 2492 1940 2534 hodie
1958 2494 2045 2549 post
2062 2498 2129 2538 Co
2141 2490 2342 2537 acilium,

1404 2550 1478 2591 Tri
1493 2550 1714 2592 dentinum
1732 2553 1951 2610 cap.9.seffi
1971 2567 1989 2592 2
2002 2565 2039 2603 5.
2054 2555 2100 2594 de
2115 2555 2269 2609 reform.
2285 2553 2341 2596 ad

1406 2610 1524 2652 hunc
1546 2608 1738 2653 effectum
1755 2613 1981 2668 requiritur
2009 2614 2157 2655 titulus
2187 2611 2337 2656 funda-

1407 2669 1539 2711 tionis
1557 2698 1570 2718 ‚
1588 2673 1627 2712 &
1645 2670 1880 2712 dotationis
1896 2700 1909 2720 ‚
1938 2685 2012 2713 nec
2030 2669 2174 2715 sufficit
2189 2674 2336 2715 imme-

1409 2728 1632 2770 morabilis
1648 2725 1777 2786 'super
1792 2730 1867 2771 hac
1887 2730 2124 2786 poffeffione
2142 2761 2155 2781 ,
2179 2732 2249 2774 nifi
2287 2731 2342 2775 fi-

1406 2787 1493 2830 mul
1510 2788 1713 2839 doceatur
1746 2804 1819 2845 per
1835 2791 2096 2833 authenticas
2110 2788 2336 2848 scripturas

1408 2848 1461 2889 de
1479 2845 1867 2902 praesentationibus
1884 2852 2143 2894 continuatis
2157 2864 2230 2907 per
2240 2849 2333 2909 spa-

1406 2908 1508 2948 tium
1531 2918 1550 2954 5
1561 2922 1599 2946 o.
1616 2912 1876 2957 annorum,&
1893 2906 2079 2952 effectum
2095 2907 2269 2960 ffirtitis,
2281 2922 2334 2953 -ut

1407 2965 1545 3007 dicam
1561 2964 1666 3007 infra
1681 2970 1775 3007 Par.
1789 2973 1832 3009 V.
1862 2968 1904 3009 Si
1923 2970 2052 3024 igitur
2066 2968 2339 3026 cdo'rtsuetudt')=

1406 3025 1749 3067 immemorabilis
1779 3025 2052 3081 praesentandi
2096 3029 2151 3071 est
2180 3027 2334 3085 inffiffie*

1405 3086 1523 3126 ciens
1543 3084 1766 3127 obtinendi
1791 3090 2149 3131 manutentionem
2178 3090 2220 3130 in
2231 3085 2335 3144 pos-

1409 3142 1576 3185 feffione
1593 3141 1893 3199 praesentandi,
1913 3150 1950 3188 &
1966 3145 2332 3204 consequendum

1405 3203 1662 3244 stitutionem
1679 3231 1692 3252 ‚
1707 3217 1759 3246 eo
1776 3203 1927 3246 fortius
1945 3206 1995 3246 ad
2015 3207 2123 3248 hune
2141 3201 2333 3249 effeetum·

1407 3264 1487 3304 erit
1502 3261 1690 3305 inefficax
1706 3265 1824 3307 unica
1839 3264 2102 3320 praesentatio
2118 3276 2148 3314 ¹,
2168 3270 2207 3308 &
2231 3260 2332 3308 ulti-³
2358 3305 2361 3307 .

1405 3335 1494 3362 mus
1512 3322 1697 3369 status‚in
1710 3337 1796 3379 quo
1814 3321 2019 3380 reperitur
2035 3323 2226 3380 praefatus
2247 3327 2332 3368 hae-

1405 3394 1488 3428 res,
1504 3381 1620 3431 juxta
1635 3386 1724 3422 Rot.
1746 3383 1857 3435 decis
1866 3397 1884 3433 5
1896 3394 1914 3431 5
1924 3396 1962 3434 7.
1977 3399 2078 3424 num.
2092 3384 2251 3431 1.§.Hic
2261 3399 2334 3426 au-

1401 3449 1482 3479 tem
1496 3452 1630 3493 par.4.
1649 3440 1797 3493 divers.
1813 3441 1861 3484 &⁶
1877 3442 2014 3495 dccis21
2025 3457 2045 3495 3
2056 3463 2095 3496 9.
2111 3457 2262 3495 num-5.
2279 3443 2329 3487 ό·

1392 3497 1481 3554 seq.
1496 3513 1625 3542 coram
1642 3504 1805 3547 Buratt.
1825 3501 1953 3556 ibique
1966 3503 2114 3545 Adden.
2139 3518 2241 3547 num.
2264 3517 2280 3543 1
2292 3517 2331 3543 2.

2281 3562 2330 3606 ὠ·
