2456 3802
313 194 438 272 526

286 305 402 348 idem
427 306 564 350 adhuc
592 303 673 348 suis
704 305 992 347 habitualibus
1023 303 1245 359 languori-

287 373 367 417 bus
383 366 554 410 affeaus
572 367 882 425 benignitatem
897 365 979 405 EE.
997 364 1073 404 PP.
1090 365 1246 420 implo-

290 431 416 478 ravit,
439 441 648 485 quatenus
665 440 750 469 tam
772 441 848 483 pro
865 426 1080 481 praeterito
1096 424 1243 474 Indul-

289 493 323 535 ti
335 490 503 534 obtenti
521 486 669 531 effectu
699 500 784 530 non
811 484 1025 527 frustretur
1043 513 1055 533 ,
1088 485 1244 542 quam)

289 550 560 609 imposterum
592 549 741 591 eadem
772 543 1069 604 perseverante
1099 542 1244 586 causa.)

291 612 445 657 novam
479 610 830 668 prorogationem
864 606 938 663 ipsi
968 607 1244 664 indulgeant.

289 670 526 731 Requisitus
545 671 688 728 itaque
717 666 894 724 desuper
912 668 1137 708 informare
1169 666 1246 707 Vi-

294 735 431 776 carius
449 731 710 787 Capitularis
745 725 1115 783 suprascriptorum
1136 727 1247 766 veri-

293 806 424 836 tatem
447 791 643 833 enunciat
658 817 671 837 ,
700 800 829 844 atque
844 783 1054 843 indagasse
1072 783 1214 826 subdit
1230 812 1244 833 ‚

294 853 414 912 quod
433 851 718 907 praelaudatus
751 848 995 888 Cardinalis
1017 846 1244 901 Archiepi-

291 913 447 969 scopus
466 910 566 953 ideo
583 910 831 966 postremam
860 908 1243 964 prorogationem)

291 988 371 1031 pro
390 972 510 1014 uuius
529 972 626 1012 anni
646 970 857 1010 curriculo
893 968 1113 1009 dumtaxat
1141 980 1242 1007 exc-

292 1045 416 1077 cutus
432 1031 513 1074 fuit
538 1060 550 1081 ‚
583 1043 628 1072 ut
659 1026 972 1086 obsequeretur
990 1028 1124 1070 enixis
1141 1040 1243 1068 con-

287 1093 616 1137 tradistionibus
660 1090 892 1146 Capituli,
939 1089 1060 1146 quod
1101 1087 1257 1137 adh-uc*

289 1156 419 1199 etiam
447 1150 684 1209 perseverat
705 1180 718 1200 ,
747 1149 1014 1206 exagerando
1046 1147 1239 1191 Oratoris

291 1213 560 1257 infirmitates
576 1226 660 1253 non
677 1211 786 1253 adeo
806 1211 1032 1252 continuas
1050 1237 1064 1258 ‚
1086 1213 1125 1252 ὃς
1144 1221 1241 1266 gra-

293 1289 370 1318 ves
389 1272 466 1315 effe
484 1302 497 1322 ,
514 1285 558 1314 ut
577 1286 669 1313 enm
688 1271 945 1327 praepediant
962 1270 985 1311 a
1001 1270 1116 1312 civili
1135 1270 1240 1310 ami-

295 1348 442 1378 corum
459 1331 765 1375 consuetudine
792 1359 804 1380 ,
834 1335 873 1373 &
894 1332 996 1387 quin
1014 1344 1152 1371 auram
1169 1343 1239 1370 ca-

293 1393 548 1454 ptarepoffit
580 1394 620 1433 in
647 1393 832 1450 quodam
867 1390 987 1447 ipsius
1005 1389 1205 1432 viridario
1225 1418 1253 1438 ‚.

291 1455 562 1514 proindeque
582 1468 656 1495 nec
674 1453 871 1494 idoneam
887 1448 1196 1493 excusationem
1215 1449 1243 1491 ὲ-

293 1518 415 1559 chori
431 1513 603 1558 servitio
621 1516 805 1570 praebere
822 1515 873 1555 eo
890 1514 1062 1559 certius,
1078 1512 1171 1552 cum
1187 1525 1237 1552 ex

295 1578 454 1620 Statuti
473 1573 740 1631 dispositione
772 1587 893 1615 nemo
925 1587 974 1614 ex
1005 1572 1237 1615 Canonicis

296 1638 470 1679 admitti
487 1636 644 1678 debeat
659 1635 709 1676 ad
727 1634 1095 1690 participationem
1108 1632 1240 1675 distri-
1266 1644 1274 1653 ·

294 1698 549 1745 butionum,
580 1695 650 1736 nisi
681 1696 720 1735 i·-n
749 1695 952 1734 canonica
984 1707 1060 1748 pro
1088 1692 1235 1743 majori

295 1759 394 1801 anni
412 1768 531 1813 parte
553 1755 814 1797 residentiam
833 1752 1004 1797 fecerir;
1027 1753 1236 1794 Caeterum

295 1819 408 1860 idem
427 1814 513 1872 ipse
529 1816 701 1857 Relator
733 1812 887 1861 subdit,
907 1811 1111 1864 ejusmodi
1144 1814 1236 1854 Sta-

294 1889 431 1920 tutum
446 1873 699 1918 exulevisse.
735 1871 959 1929 Perspee'tis
988 1874 1129 1929 itaque
1159 1886 1237 1928 prae

293 1939 455 1981 caeteris
485 1938 647 1979 iteratis
676 1933 940 1990 Physicorum
962 1934 1251 1975 attestationi--

292 1999 371 2041 bus
389 1995 508 2053 super
529 1996 636 2038 male
658 1992 801 2036 affecta
817 1996 1009 2037 Oratoris
1031 1995 1240 2036 valetudi-

292 2072 362 2107 ne,
379 2058 593 2099 humiliter
609 2055 721 2097 idem
741 2057 919 2111 expetiit
935 2052 1237 2096 resolutionem

292 2116 546 2174 infrascripti
581 2117 700 2158 dubii
718 2142 760 2150 --
776 2122 836 2158 An
854 2145 868 2165 ,
896 2115 946 2159 ὼ
961 2117 986 2156 ci
1002 2130 1081 2171 qua
1098 2115 1159 2156 die
1172 2116 1239 2157 de-

293 2181 461 2221 beantur
478 2176 768 2230 distributiones
787 2178 804 2218 ?

238 2240 290 2283 18
353 2239 483 2297 Qod
499 2237 764 2293 affirmative,
782 2241 821 2279 δε
841 2236 863 2278 a
883 2237 950 2278 die
973 2236 1238 2277 22.Februa-

291 2300 341 2342 rii
363 2312 413 2349 17
426 2313 440 2337 1
455 2312 491 2342 1.
510 2313 582 2355 per
598 2310 732 2340 totum
750 2297 954 2338 residuum
973 2298 1140 2339 triennii
1159 2297 1240 2338 stu⁶

290 2360 396 2400 dens
415 2359 457 2400 in
473 2360 549 2399 hac
565 2358 685 2400 causa
711 2356 1046 2412 respondendum
1077 2355 1243 2398 scurie--

290 2420 387 2462 bam
406 2417 650 2465 3infirmitas
670 2419 778 2459 enim
793 2417 848 2458 est
862 2431 939 2458 una
953 2432 1003 2458 ex
1019 2416 1146 2459 causis
1165 2418 1239 2459 lit-

290 2479 482 2520 teraliter
514 2477 706 2533 expressis
737 2480 778 2518 in
793 2491 874 2531 cap.
888 2477 1003 2518 vnico
1034 2478 1080 2518 de
1094 2478 1235 2518 cleric.

288 2545 364 2581 n'on
390 2535 549 2592 rifiden.
565 2538 605 2578 in
624 2541 663 2577 6.
678 2538 900 2593 confirmat.
919 2538 945 2578 d
970 2540 1055 2578 Sac.
1073 2537 1239 2579 Concilio

290 2598 524 2641 Tridentino
541 2610 622 2652 cap.
647 2611 662 2637 1
675 2611 712 2637 2.
718 2599 808 2656 stffi
829 2610 897 2648 24.
927 2598 973 2638 de
988 2597 1148 2652 reform.
1163 2597 1240 2639 ibi-

289 2674 363 2715 que
380 2659 540 2711 Barbos.
555 2672 659 2699 num.
678 2660 747 2699 88.
783 2672 865 2715 qua
881 2659 1010 2699 stante
1025 2659 1236 2701 Canonici

294 2718 491 2762 absentes
509 2719 725 2760 lucrantur
740 2719 1059 2760 distributiones
1077 2748 1088 2759 .

236 2791 286 2829 19
354 2779 484 2839 Qod
515 2791 654 2820 autem
684 2779 949 2821 Canonicum
976 2776 1238 2834 Josephum.)

287 2840 492 2882 Sirturum
509 2839 697 2883 detineat
712 2838 930 2880 infirmitas
946 2838 1069 2893 plene
1083 2840 1237 2893 proba-

283 2913 351 2942 tur
365 2912 452 2942 tum
483 2914 534 2941 ex
563 2900 902 2941 attestationibus
935 2897 1200 2953 Phyficorum
1219 2927 1232 2948 ‚

287 2971 376 3003 tum
395 2974 446 3002 ex
463 2959 671 3001 relatione
688 2960 843 3000 Vicarii
861 2958 1120 3013 Capitularis
1137 2956 1237 3001 assc-

289 3022 422 3063 rentis
439 3021 629 3062 morbum
649 3046 661 3066 ,
697 3016 859 3060 scilicet
878 3017 1236 3075 difficilemrespi-

287 3081 491 3122 rationem
510 3108 522 3128 ‚
541 3077 718 3121 febrium
736 3077 1036 3136 frequentiam,
1056 3078 1234 3121 dolores

284 3139 659 3194 hypocondriacos
685 3167 698 3186 ,
730 3153 776 3179 ac
809 3139 957 3182 colicis
994 3167 1007 3187 ,
1037 3151 1234 3181 necnon„

284 3199 408 3238 etiam
423 3198 637 3254 paralysim
661 3227 673 3247 a
685 3199 836 3239 nedum
851 3197 1115 3254 perseverare
1131 3228 1143 3247 ‚
1160 3198 1236 3243 sed

284 3256 439 3298 nullam
453 3258 667 3300 desinendi
683 3256 793 3314 spem
810 3259 1031 3300 ostendere
1049 3275 1060 3304 ;
1076 3261 1234 3315 quibus

287 3316 622 3358 attestationibus
635 3319 810 3359 multum
826 3317 960 3359 defert
975 3318 1098 3359 Sacra
1112 3319 1233 3361 Con-

286 3375 482 3433 gregatio
501 3403 513 3422 2
543 3378 644 3416 utin
664 3383 888 3418 Lauretana
916 3378 1231 3431 distributionum

286 3438 327 3476 8.
350 3434 507 3491 Augusti
528 3447 542 3472 1
554 3446 576 3484 7
589 3448 603 3473 1
618 3447 653 3475 1.
669 3438 894 3478 Et-attenta
910 3439 1232 3480 continuatione

727 187 1220 253 Commentaria
1242 188 1323 253 ad
1339 171 1623 277 singulos
1646 191 1950 254 Canones

1368 305 1648 348 stributionesv
1668 307 1706 347 ei
1720 306 1933 348 debentur
1957 304 2130 363 integre
2151 305 2205 348 de
2219 305 2333 359 jure.)

1367 367 1581 409 communi
1601 367 1642 408 in
1661 368 1743 409 vim
1762 367 1862 410 dieti
1883 365 2043 409 Textus
2060 367 2102 407 in
2119 378 2204 420 cap.
2222 366 2328 407 unic.

1367 426 1415 466 de
1427 426 1565 469 cleric.
1586 440 1660 467 non
1675 427 1838 482 rcſsden.
1855 455 1870 475 ‚
1883 431 1925 471 δε
1942 425 2120 470 resolvit
2138 426 2231 469 haec
2244 427 2325 468 Sa-

1371 501 1440 528 c-ra
1455 487 1751 545 Congregatio
1770 488 1810 528 in
1824 492 2000 531 Romana
2012 486 2330 539 distributionum

1373 560 1441 600 14.
1471 547 1709 590 Novembris
1739 553 1868 596 1699.
1898 559 1992 589 tom.
2026 559 2065 597 5.
2090 559 2184 604 pag.
2217 552 2324 597 659.

1368 623 1474 649 num.
1490 614 1531 650 6.
1551 608 1775 666 multoque
1793 607 1926 666 magis
1961 609 1999 649 ei
2033 608 2246 650 debentur
2262 608 2329 649 di-

1369 669 1638 711 stributiones
1654 668 1677 710 a
1693 668 1755 709 die
1773 681 1792 706 2
1804 682 1842 708 2.
1860 668 2064 710 Februarii
2082 681 2131 719 17
2143 681 2159 708 1
2173 681 2208 708 1.
2226 670 2325 711 cum

1371 729 1581 771 indultum
1600 730 1840 771 obtinuerit
1853 729 1904 770 ab
1921 728 2067 770 eadem
2086 729 2179 770 Sac.
2200 728 2325 771 Con-

1373 790 1627 847 gregatione
1658 789 1726 830 die
1758 802 1799 839 7.
1830 789 2082 830 Decembris
2117 801 2246 840 1709.
2271 787 2326 830 ad

1378 851 1606 891 triennium
1620 846 1781 890 scilicet
1802 847 1928 906 usque
1944 849 1996 890 ad
2017 862 2057 900 7.
2074 849 2326 891 Decembris

1375 923 1391 949 1
1403 924 1425 960 7
1439 923 1453 948 1
1465 924 1502 950 2.
1524 923 1610 966 quo
1627 910 1755 951 stante
1769 909 1968 964 denegari
1984 923 2068 952 non
2085 907 2249 966 possunt
2261 909 2327 950 di-

1372 970 1641 1012 stributiones
1659 998 1672 1018 ,
1703 981 1746 1012 ut
1783 968 1957 1012 resolvit
1985 969 2110 1012 Sacra
2125 971 2325 1028 Congre-

1374 1043 1492 1089 gatio
1514 1060 1525 1072 .

1314 1104 1367 1130 20
1442 1093 1538 1134 Nec
1578 1089 1931 1133 Eminentiffimus
1962 1089 2322 1148 Archiepiscopus

1368 1163 1538 1208 poterat
1555 1150 1663 1192 illud
1680 1150 2246 1207 restringere=tantummodo
2261 1150 2320 1193 ad

1369 1226 1520 1254 annum
1538 1240 1551 1259 ,
1584 1213 1682 1267 quia
1700 1211 1802 1252 licet
1819 1212 2018 1253 executio
2048 1209 2231 1263 ejusdem
2248 1213 2319 1253 In-

1369 1273 1478 1314 dulti
1495 1271 1622 1313 fuerit
1636 1269 1847 1314 commissa
1864 1273 2002 1314 eidem
2022 1268 2320 1328 Archiepisco-

1366 1348 1422 1390 po
1440 1348 1518 1389 pro
1532 1332 1620 1385 ejus
1645 1332 1821 1374 arbitrio
1837 1361 1850 1381 ,
1868 1337 1908 1375 δε
1927 1333 2165 1388 prudentia,
2180 1344 2319 1374 tamen

1366 1409 1451 1435 non
1466 1405 1633 1448 poterat
1651 1393 1708 1433 uti
1723 1391 1958 1443 hujusmodi
1974 1394 2152 1435 arbitrio
2168 1405 2318 1435 contra

1365 1452 1682 1510 dispositionem
1701 1454 1810 1508 legis
1841 1454 2065 1495 eximentis
2084 1453 2107 1495 a
2135 1452 2320 1496 residen-

1367 1515 1426 1556 tia
1443 1515 1506 1555 Ca
1516 1515 1714 1556 nonicum
1747 1511 1954 1555 infirmum
1971 1542 1984 1563 ,
2015 1514 2142 1570 eique
2159 1520 2325 1556 conce-⁴

1364 1575 1504 1618 dentis
1538 1574 1858 1616 distributiones
1884 1603 1898 1622 ‚
1932 1574 2026 1616 cum
2052 1575 2267 1616 arbitrium
2293 1573 2318 1616 i

1366 1635 1456 1689 jure
1474 1634 1658 1692 regulari
1679 1634 1956 1682 debeat,Rota
1971 1649 2107 1675 coram
2122 1634 2313 1675 Cavaler.

1361 1694 1500 1749 decislt
1515 1708 1550 1734 1.
1562 1709 1666 1734 num.
1677 1706 1712 1734 1.
1733 1694 1937 1752 adeoque
1950 1692 2319 1737 durantevinfirmi-

1364 1768 1451 1797 tate
1478 1754 1639 1811 praefati
1671 1757 1882 1798 Canonici
1899 1783 1913 1803 ,
1942 1769 2025 1796 non
2048 1766 2218 1810 poterat
2251 1769 2319 1796 re·

1364 1817 1565 1872 stringere
1596 1814 1812 1857 Indultum
1841 1814 2137 1858 tantummodo
2162 1815 2219 1857 ad
2235 1828 2312 1858 an·

1366 1890 1462 1919 num
1480 1905 1492 1917 .
1882 1894 1887 1898 ·

1307 1950 1327 1976 2
1341 1950 1356 1977 1
1425 1939 1526 1979 Non
1544 1937 1678 1979 obstat
1695 1965 1707 1985 ‚
1721 1936 1837 1993 quod
1853 1934 2047 1991 praefatus
2064 1913 2313 1980 canonicus
2427 1977 2428 1980 ,

1365 1997 1388 2039 ὲ
1413 1998 1597 2053 propriis
1627 1996 1908 2039 mansionibus
1934 1995 2115 2039 transeat
2143 1996 2197 2038 ad
2231 1995 2310 2039 do·
2363 2008 2369 2033 ξ
2424 2035 2425 2038 ,

1364 2071 1475 2100 mum
1495 2058 1675 2099 vicinam
1696 2055 1949 2105 ,descendat
1990 2057 2251 2117 quandoque
2261 2058 2314 2100 :in

1360 2116 1474 2160 suum
1494 2119 1735 2160 viridarium
1758 2147 1770 2166 ‚
1787 2117 1900 2175 quasi
1917 2117 2035 2174 quod
2052 2116 2078 2158 si
2092 2115 2314 2171 infirmitas
2339 2144 2341 2146 >

1362 2193 1447 2221 non
1466 2179 1643 2233 impedit
1661 2206 1672 2226 ,
1701 2179 1942 2235 quominus
1965 2178 2101 2219 valeat
2118 2179 2315 2221 haecffoma

1364 2240 1431 2281 nia
1444 2252 1571 2296 agere
1588 2266 1600 2286 ,
1631 2252 1768 2294 neque
1789 2238 1851 2279 illi
1864 2251 1943 2293 vper
1959 2236 2316 2295 consequens‘ac-

1363 2297 1514 2346 cessum
1533 2297 1586 2340 ad
1606 2298 1797 2342 Chorum
1812 2297 2020 2353 impedire
2039 2297 2175 2353 poffit3
2189 2301 2315 2356 Qo-

1365 2359 1475 2400 niam
1492 2359 1586 2402 cum
1603 2355 1839 2410 hujusmodi
1854 2358 2039 2399 actiones
2055 2355 2146 2398 fieri
2160 2354 2317 2406 solean

1363 2427 1412 2462 ut‘
1423 2430 1608 2475 aegrotus
1631 2430 1698 2461 tot
1713 2447 1727 2467 ‚
1756 2415 1970 2474 tantisque
1986 2415 2323 2473 indispositioni-‚

1361 2480 1441 2522 bus
1459 2478 1633 2521 affliCtus
1656 2507 1671 2527 ,
1697 2478 1873 2535 aliquod
1891 2475 2312 2536 sublevamen-quan„

1359 2539 1506 2597 doque
1523 2537 1674 2582 sentiat
1694 2567 1707 2587 ,
1727 2536 1886 2580 desumi
1903 2551 1987 2580 non
2000 2539 2137 2594 potest
2154 2537 2309 2581 abillis

1359 2612 1654 2656 argumentum
1673 2600 1727 2640 ad
1744 2597 2058 2655 possibilitatem
2076 2598 2310 2640 accedendi

1359 2661 1412 2702 ad
1428 2660 1619 2704 Chorum
1636 2687 1649 2708 ‚
1687 2660 1789 2702 utin
1807 2661 1958 2714 puncto
1974 2655 2190 2714 respondit
2205 2661 2308 2700 Rota
2354 2713 2357 2714 ⁷

1355 2720 1396 2762 in
1411 2734 1486 2760 una
1503 2720 1689 2779 ‘'Januen.
1709 2719 2048 2773 jurispatronatus
2063 2717 2308 2777 lmpreſjipea

1358 2795 1425 2822 nes
1439 2781 1690 2833 Marchesan.
1703 2780 1751 2822 de
1768 2779 1956 2836 commisti
1967 2792 2059 2833 par.
2077 2792 2112 2819 1.
2116 2778 2307 2832 fol.·mibi

1360 2852 1458 2890 520.
1476 2841 1605 2883 immo
1630 2840 1681 2882 ab
1697 2853 1827 2882 onere
1853 2839 2058 2881 residendi
2087 2837 2306 2882 excusarea

1365 2898 1480 2948 tui-‚si
1502 2896 1687 2942 sanitatis
1706 2897 1823 2941 ca'usa
1841 2897 2079 2946 balnea‚seu
2099 2900 2228 2942 alium
2244 2899 2308 2941 loa

1356 2973 1448 3002 cum
1469 2971 1710 3014 peteret,;et
1727 2960 1753 3000 si
1771 2960 2044 3015 egrederetur
2061 2961 2083 3000 a
2098 2961 2306 3008 Civitate3

1357 3032 1401 3061 ut
1416 3033 1513 3061 aura
1531 3018 1753 3063 salubriori
1780 3021 1838 3061 uti
1857 3020 1994 3061 valeat
2009 3019 2126 3071 juxta
2148 3018 2306 3071 Barbes-

1354 3081 1410 3121 ad
1422 3080 1731 3139 Concil.seſj324·
1748 3093 1856 3133 cap.1
1868 3095 1905 3120 2.
1928 3094 2069 3132 nu.93.
2087 3080 2136 3122 ὠ*
2148 3077 2306 3132 deoffic.

1361 3139 1412 3183 (θ’
1422 3139 1560 3196 potest.
1575 3140 1742 3195 Episcop.
1754 3141 1897 3196 alleg.5
1908 3153 2068 3191 3.num.
2079 3154 2093 3180 1
2105 3144 2174 3193 ⁶9·
2193 3137 2243 3182 ἀὲ
2257 3139 2304 3179 de

1346 3200 1433 3251 jur.
1455 3201 1593 3253 Eccles.
1606 3201 1789 3253 univers.
1804 3201 1857 3240 lib
1879 3213 1917 3251 3.
1930 3212 2011 3253 cap.
2035 3202 2100 3241 18.
2117 3202 2269 3241 nu'm.6.

1412 3261 1642 3318 Minusque
1660 3259 1789 3303 officit
1809 3273 1970 3302 certum
1987 3261 2176 3302 statutum
2195 3258 2304 3300 Col÷

1353 3320 1522 3375 legiatae
1536 3322 1719 3363 statuens
1751 3323 1956 3362 neminem
1992 3334 2042 3361 ex
2068 3319 2302 3360 Canonicis

1353 3380 1522 3422 admitti
1544 3383 1594 3422 ad
1617 3381 1950 3428 distributiones,
1968 3378 2040 3421 nifi
2057 3392 2133 3434 pro
2150 3378 2305 3431 majori

1355 3453 1475 3494 parte
1510 3443 1607 3481 anni
1620 3460 1624 3467 ·
1637 3443 1679 3481 in
1712 3441 1930 3482 Canonica
1956 3437 2076 3493 ipsius
2107 3438 2304 3480 Ecclesiae

288 3492 655 3552 i‘ndispositionum
685 3492 868 3546 ejusdem
901 3498 1137 3546 Canonici,
1169 3499 1234 3540 di-
1300 3510 1352 3554 2‚2
1372 3499 1636 3551 ressfidentiam
1653 3500 1820 3546 .fecerit;
1838 3500 2003 3547 Etenim
2016 3499 2210 3542 statutum
2228 3499 2306 3554 hu»

2149 3557 2304 3614 jusmo-
