2456 3802
308 235 431 299 542

310 329 352 371 di
357 328 524 387 singulis
544 325 789 375 Dominicis,
818 326 984 383 aliisque
998 325 1166 377 Festivis
1178 327 1264 368 die-

309 390 380 431 bus
400 418 414 438 ‚
440 389 548 431 nulla
571 388 731 439 adjecta
759 387 1027 428 declaratione
1041 415 1055 435 a
1086 388 1142 428 ad
1154 387 1264 438 cujus

300 448 543 506 sufflagium
572 448 842 503 applicandum
870 447 962 507 ‘ffit
991 446 1236 502 Sacrificium
1251 463 1262 494 ς

307 510 400 551 Ideo
417 510 619 565 Episcopus
636 508 772 552 Tinen.
788 508 990 562 supplicat
1010 521 1085 562 per
1099 510 1263 549 Sacram

307 569 656 628 Congregationem
690 569 889 611 declarari
904 585 929 616 ·;
964 582 1016 610 an
1045 567 1263 622 hujusmodi

310 630 556 688 Sacrificium
570 629 843 685 applicandum
845 633 904 687 sit
909 641 981 684 pro
994 629 1138 671 Anima
1148 629 1264 683 ipsius

309 692 526 745 ‘Testatoris
542 720 555 741 ‚
583 707 635 732 an
656 691 755 731 verti
771 691 826 731 ad
838 689 991 732 libitum
1006 689 1233 745 Cappellani
1248 717 1262 738 ,

311 754 374 794 uti
390 750 737 804 haHenusfaHum
749 749 818 809 effi
828 748 1029 804 comperiit
1045 777 1056 788 .
1091 749 1173 790 Die
1194 762 1209 788 1
1221 750 1261 790 8.

309 813 490 870 Augusti
516 812 643 852 1668.
670 813 764 853 Sac.
781 809 1080 865 Congregatio
1097 810 1268 853 Conci-1

308 875 358 917 lii
376 871 592 929 respondit
613 900 627 920 ,
653 870 925 927 applicandum
939 869 1263 927 ffSacrificiunt

301 948 377 990 pro
390 933 531 976 Anima
546 930 764 986 Testatoris
775 958 816 965 --
831 932 882 973 Et
898 945 990 973 cum
1008 930 1092 974 hoc
1107 931 1262 973 eodem

308 991 427 1037 sensu
457 993 606 1036 eadem
623 993 715 1034 Sac.
733 992 1036 1049 Congregatio
1070 990 1262 1048 processit

305 1056 351 1096 in
364 1060 521 1098 Lucana
534 1054 630 1096 anni
653 1066 667 1093 1
679 1058 882 1110 693.pag.
900 1066 1000 1106 241.
1018 1052 1044 1092 d
1057 1062 1169 1109 tergo
1185 1081 1199 1101 ,
1211 1051 1260 1094 &³

309 1116 353 1158 in
363 1116 508 1158 Collen.
525 1115 693 1169 ejusdem
705 1115 800 1156 anni
809 1127 902 1170 pag.
923 1119 1021 1164 264.
1034 1113 1103 1154 lib.
1124 1127 1144 1166 3
1154 1125 1193 1164 3.
1212 1110 1262 1154 ὠ·

309 1177 352 1218 in
367 1177 451 1218 alia
463 1175 609 1218 Collen.
626 1174 720 1217 anni
742 1177 869 1216 1686.
886 1175 953 1215 lib.
973 1187 993 1226 3
1006 1185 1043 1223 ς.
1070 1172 1120 1216 &⁹
1134 1174 1175 1214 in
1191 1172 1260 1214 Vi-

309 1237 464 1279 centina
475 1236 570 1278 anni
595 1236 721 1276 1688.
742 1236 821 1290 fol.
839 1248 891 1286 47
904 1248 939 1275 1.
970 1234 1036 1275 lib.
1056 1236 1126 1285 38.
1157 1234 1206 1276 ὼ·
1220 1233 1262 1274 in

308 1298 519 1352 spoletana
534 1295 821 1351 applicationis,
818 1297 893 1349 seu
909 1294 1146 1336 reductionis
1160 1294 1263 1347 Mis—

300 1358 444 1411 sarum
465 1371 479 1397 1
491 1372 512 1408 7
526 1371 540 1397 1
552 1357 674 1412 0.fol.
691 1370 732 1408 4.
748 1357 773 1396 d
791 1369 900 1412 tergo
918 1356 986 1395 lib.
1005 1359 1075 1396 60.
1102 1357 1261 1396 Tamen

253 1440 275 1467 2
313 1418 396 1461 hoc
413 1418 620 1460 limitatur
639 1418 812 1475 quando
830 1431 882 1458 ex
902 1417 1062 1464 verbis,
1079 1427 1150 1457 aut
1167 1415 1260 1456 aliis

311 1477 564 1531 conjecturis
583 1478 819 1534 oppofitum
836 1476 1080 1533 colligatur.
1097 1475 1262 1531 Pignat-

311 1539 398 1583 tell.
410 1539 520 1581 dicta
537 1540 697 1591 consult.
720 1552 735 1578 1
747 1551 817 1590 39.
846 1551 950 1578 num.
972 1550 1037 1578 12.
1067 1540 1103 1583 §.
1120 1539 1262 1576 Verum

311 1611 405 1643 tom.
428 1613 464 1641 1.
500 1603 539 1643 &
566 1599 685 1652 juxta
717 1597 1020 1641 resolutionem
1047 1593 1262 1650 ejusden„

310 1661 404 1703 Sac.
425 1661 793 1719 Congregationis
825 1659 865 1698 in
890 1657 1058 1698 Aretina
1087 1656 1262 1711 applica-

310 1720 430 1762 tionis
451 1721 647 1776 Sacrtficii
666 1722 706 1761 8.
721 1719 832 1772 Maji
853 1723 980 1770 1677.
1006 1715 1054 1759 ά»
1073 1718 1114 1757 in
1132 1717 1262 1758 Areti-

309 1795 364 1822 na
380 1781 452 1821 28.
470 1781 619 1835 Aprilis
642 1794 657 1820 1
669 1785 770 1830 629.
787 1780 847 1821 ibi
864 1804 906 1812 --
918 1777 1260 1833 nistinfundatio-

309 1857 358 1883 ne
370 1841 556 1895 expresse
571 1852 728 1882 cautum
743 1840 802 1893 fit
822 1867 834 1888 ‚
870 1838 975 1894 quod
987 1851 1060 1879 non
1075 1848 1260 1880 teneatur

307 1901 552 1957 Sacrificium
573 1902 768 1956 applicare
782 1926 824 1934 --

250 1980 275 2021 3
381 1962 429 2004 In
464 1959 559 2003 casu
597 1959 784 2018 praesenti
819 1962 1000 2003 habetur
1032 1974 1083 2002 ex
1117 1961 1259 2004 verbis

309 2021 715 2066 fundationismens
730 2023 984 2064 Fundatoris
1002 2019 1260 2079 fuisse,quod

305 2083 562 2140 Cappellani
579 2084 798 2126 celebrent
827 2083 999 2140 quidem
1031 2082 1228 2139 quotidie
1245 2109 1258 2129 ,

307 2157 394 2186 non
411 2143 537 2192 vero,
567 2145 687 2201 quod
704 2144 904 2202 quotidie
922 2143 1138 2199 applicent
1156 2138 1259 2182 Mis-

305 2202 368 2247 sas
384 2233 399 2254 ‚
427 2205 525 2247 dum
543 2205 649 2247 hanc
676 2204 1005 2261 applicationem
1026 2200 1159 2244 solum
1179 2202 1278 2243 de·-

308 2265 525 2308 mandavit
542 2266 692 2308 diebus
709 2264 927 2306 ferialibus
946 2264 1005 2305 ibi
1020 2289 1060 2296 --
1077 2261 1255 2304 continuo

196 2362 211 2374 ,
307 2326 498 2366 celebrent
515 2319 658 2383 Miffas
672 2353 685 2373 ‚
701 2327 760 2366 ita
778 2325 883 2380 quad
901 2324 1034 2364 diebus
1046 2323 1256 2375 ferialibus

295 2384 530 2439 specialiter
552 2398 627 2438 pro
644 2385 784 2426 Anima
814 2385 927 2440 ipsius
947 2382 1151 2424 calamelli
1171 2382 1254 2426 &a

299 2444 445 2502 Miffas
479 2445 674 2486 celebrent
706 2455 945 2486 mortuorum
978 2469 1018 2477 --
1052 2445 1166 2499 Ergo
1183 2444 1253 2483 in,-

303 2505 398 2547 aliis
419 2503 572 2546 diebus
594 2518 677 2547 non
695 2503 931 2550 ferialibus,
951 2506 1143 2545 nimirum
1160 2504 1253 2545 die-

303 2567 385 2609 bus
405 2565 647 2607 Dominicis
667 2594 679 2614 ‚
698 2569 736 2607 &
755 2564 930 2612 festivis,
944 2566 985 2606 in
1008 2565 1163 2622 quibus
1180 2577 1253 2619 ap-

301 2626 579 2682 plicationem
600 2627 706 2667 hanc
723 2639 807 2667 non
823 2623 1028 2681 expreffit‚
1041 2624 1155 2668 illam
1175 2638 1253 2666 no-

298 2684 413 2728 luisse
431 2686 586 2728 dicitur
603 2715 616 2735 ,
642 2686 756 2737 juxta
776 2698 959 2727 naturam
987 2683 1220 2726 discretivae
1234 2714 1247 2732 ,

301 2760 393 2805 quae
411 2747 549 2804 arguit
579 2746 812 2789 voluntatis
832 2744 1114 2788 diversitatem
1143 2746 1251 2786 inter

300 2820 429 2849 unum
444 2835 458 2856 ‚
477 2810 517 2849 δι
537 2807 663 2848 alium
681 2806 872 2848 casumin
888 2808 965 2855 eis,
982 2818 1072 2863 quae
1089 2804 1251 2861 depen-

300 2867 404 2908 dent
439 2867 462 2909 :i
486 2865 573 2910 sola
605 2867 829 2909 voluntate
868 2864 1132 2922 disponentis
1164 2894 1176 2914 ,
1210 2869 1249 2907 &

299 2926 472 2969 aliunde
494 2941 578 2969 non
606 2925 977 2983 subintelliguntur
992 2954 1004 2974 ‚
1029 2926 1248 2970 Card.d2,

296 2991 389 3029 Luc.
404 2989 451 3028 de
466 2988 602 3029 donat.
621 2987 758 3040 disc-8.
777 3001 884 3029 num.
905 3001 923 3026 2
935 3001 973 3038 3.
998 2985 1046 3028 ἴθ’
1063 2985 1248 3039 defideic.

297 3047 388 3099 disc.
410 3052 477 3097 56.
493 3062 597 3089 num.
621 3061 634 3086 ι
652 3061 686 3086 1.
706 3052 744 3090 δε
780 3049 821 3088 in
838 3047 1038 3088 similibus
1055 3047 1247 3086 terminis

300 3104 534 3150 discretivae
560 3106 789 3150 resolutum
822 3106 901 3149 fuit
918 3107 941 3148 a
969 3104 1139 3162 praefata
1156 3106 1247 3147 Sac-

294 3167 654 3224 Congregatione
668 3168 708 3208 in
721 3169 864 3209 Collen.
885 3165 1162 3222 Applicationis
1179 3170 1250 3207 Sa-

291 3225 435 3279 crificii
464 3243 564 3269 anno
589 3230 715 3276 1685.
734 3257 746 3276 ‚
779 3228 850 3268 ubi
870 3227 1038 3285 agendo
1069 3227 1122 3267 de
1142 3240 1247 3283 qua-

294 3284 389 3325 dam
407 3283 675 3340 dispositione
692 3316 704 3336 ‚
725 3290 766 3328 in
787 3302 870 3344 qua
886 3299 1053 3329 cautum
1074 3285 1210 3328 fuerat
1229 3315 1241 3335 ‚

289 3356 336 3387 vt
369 3345 659 3400 cappellanus
676 3362 752 3403 pro
767 3361 958 3403 tempore
977 3344 1113 3387 Missas
1132 3347 1246 3390 cele-

293 3405 436 3447 braret
482 3407 681 3447 omnibus
722 3408 871 3449 diebus
908 3407 1200 3448 Hebdomadae
1231 3433 1244 3454 ‚

284 3477 437 3521 praeter
454 3478 576 3505 unum
592 3492 604 3510 ‚
634 3479 726 3505 cum
744 3467 824 3507 hoc
843 3495 856 3514 ,
875 3467 991 3522 quod
1016 3479 1103 3507 tres
1119 3464 1244 3507 Missae

284 3526 479 3584 qualibet
509 3524 623 3566 hebd
640 3525 791 3567 omada
822 3526 1138 3567 celebrarentur
1170 3525 1244 3566 dc)

745 210 1238 278 Commentfirici
1260 213 1342 278 ad
1357 210 1642 301 fingulo's
1663 215 1968 280 Canones

1382 330 1563 372 mortuis
1584 343 1662 385 pro
1680 329 1832 373 Anima
1860 328 2141 379 Fundatoris,
2182 331 2352 378 censuit
2422 345 2424 347 ·

1381 390 1691 446 Cappellanum
1705 392 1844 432 teneri
1873 391 2086 447 applicare
2120 391 2348 441 dumtaxat

1382 462 1470 492 tres
1489 448 1628 492 Missas
1645 451 1700 492 de
1719 452 1916 500 mortuis,
1937 456 1977 495 &
1992 465 2078 494 non
2093 452 2367 506 alias-Itemss

1382 511 1427 553 in
1444 511 1526 552 alia
1551 511 1694 552 Collen.
1720 511 1996 567 applicationis
2022 512 2221 568 Sacrificii
2242 530 2347 558 anno

1389 572 1751 622 1689.-tra‹stando
1769 572 1822 614 de
1843 573 2025 630 quadam
2044 574 2349 630 cappellania-v

1385 633 1574 674 instituta
1587 647 1681 674 cum
1700 645 1832 675 onere
1864 630 2024 675 Missam
2041 635 2244 691 quotidie
2263 649 2347 678 -ce-

1387 692 1583 734 lebrandi
1600 694 1705 737 hora
1722 693 2020 742 determinata,
2038 695 2128 750 post
2146 697 2347 739 termina-

1384 764 1479 794 tum
1497 750 1657 795 scilicet
1678 753 1868 797 Officium
1899 755 2104 797 Divinum
2121 756 2165 798 in
2182 756 2346 798 Cathe-

1387 811 1520 862 drali‚
1556 826 1603 865 ut
1619 813 1885 857 Mercatores
1903 844 1916 864 2
1933 820 1982 858 ·&
2003 814 2347 859 Scholarumxdi-
2431 813 2439 823 ‘

1385 869 1566 928 scipuli,
1592 874 1655 915 illi
1670 873 1863 917 interesse
1892 873 2056 932 possent
2076 904 2089 924 ‚
2118 869 2382 933 responditjg
2439 898 2441 931 j

1385 933 1695 989 Cappellanum
1714 949 1799 977 non
1819 935 2181 992 teneriapplicare
2199 937 2343 980 Sa‘c‘ri·
2435 952 2443 963 ⁴

1382 993 1521 1036 ficium
1539 1009 1616 1051 pro
1632 996 1784 1039 Anima
1799 996 2052 1039 Fundatoris
2070 1013 2081 1042 ς
2112 995 2162 1039 &⁴
2174 996 2337 1039 in'Tau-

1380 1054 1508 1096 rinen.
1525 1055 1805 1110 Applicationis
1841 1056 2035 1112 Sacmficii
2060 1071 2081 1109 3
2095 1070 2130 1097 1.
2147 1058 2337 1115 Janitae..

1387 1115 1514 1156 1682.
1531 1143 1546 1164 ,
1575 1116 1645 1158 ubi
1664 1130 1716 1158 ex
1742 1129 1795 1159 eo
1820 1118 1920 1175 quia
1951 1117 2122 1176 quidam
2141 1117 2335 1163 Testatur

1383 1177 1583 1218 mandans
1600 1177 1936 1222 celebrationem
1967 1175 2093 1219 Misi'ae
2113 1175 2333 1235 disposuk'*

1382 1238 1467 1284 rit,
1497 1236 1674 1295 quodin
1691 1237 2016 1286 Colletta,''vel
2049 1240 2092 1280 in
2118 1239 2338 1282 Memento

1381 1294 1504 1338 fieret
1524 1298 1612 1349 ejus
1633 1300 1835 1339 memoria
1849 1326 1862 1347 ,
1895 1303 1935 1343 &
1953 1298 2059 1341 nihil
2085 1299 2336 1342 dix-critici&

1382 1357 1666 1412 applicatione
1695 1356 1822 1402 Missae
1849 1375 1862 1404 ς
1901 1359 1991 1400 Sac.
2034 1360 2335 1416 congregatio

1382 1415 1600 1473 proposito
1615 1419 1749 1461 dubio
1765 1443 1802 1452 --
1818 1421 1880 1460 An
1896 1420 2151 1474 Cappellanus
2168 1449 2182 1469 ,
2193 1422 2243 1461 de
2258 1431 2335 1474 qua

1381 1477 1518 1533 agitur
1552 1490 1738 1520 teneatur
1768 1479 1966 1534 applicare
1998 1479 2247 1535 Sacrificium
2261 1489 2337 1579 pri

1382 1537 1527 1579 Anima
1540 1567 1552 1586 ‚
1569 1540 1640 1580 vel
1650 1540 1706 1579 acl
1717 1539 1974 1581 intentionem
1990 1539 2315 1594 Fundana-ium(

1371 1599 1543 1655 satisfit
1558 1628 1571 1647 ‚
1599 1600 1705 1656 quod
1715 1597 1823 1641 illius
1840 1602 2071 1643 memoriam
2092 1599 2330 1645 habeatem

1381 1657 1640 1700 Orationibus
1654 1687 1667 1708 ,
1692 1661 1895 1715 quaefiunt
1919 1661 1960 1702 in
1973 1660 2146 1703 Colletta
2157 1689 2173 1710 ‚
2199 1671 2273 1703 *aut
2286 1659 2332 1715 iq

1382 1718 1584 1761 Memento
1599 1744 1640 1753 -
1675 1717 1892 1776 respondit
1906 1745 1948 1756 --
1962 1725 2050 1764 Non
2065 1723 2250 1763 teneti-n
2276 1719 2333 1764 &e

1380 1779 1422 1820 in
1438 1784 1613 1821 Romana
1627 1779 1901 1834 applicationis
1917 1783 1959 1824 8.
1976 1783 2084 1823 Febr.
2104 1782 2245 1833 171o.·
2256 1780 2332 1823 nbi

1381 1836 1513 1882 stante
1559 1839 1796 1892 hujusmodi
1829 1839 1960 1885 modo
2005 1840 2331 1885 discretivozlo‘*

1382 1900 1544 1958 quendi
1559 1927 1600 1936 --
1615 1905 1672 1943 An
1691 1903 1919 1957 Praepofitus
1931 1931 1946 1952 ‚
1964 1901 2016 1945 ’ἀν
2028 1901 2251 1957 Coppellani
2264 1903 2332 1954 In-

1372 1961 1500 2017 fignis
1527 1961 1717 2015 Cappellae
1744 1967 1789 2003 Β.
1805 1961 1976 2020 Virginis
1991 1963 2038 2004 de
2056 1961 2270 2007 clement&
2282 1960 2328 2016 {a

1383 2022 1551 2076 Basilica
1580 2026 1619 2063 S.
1636 2022 1782 2063 Mariae
1811 2023 1851 2066 T
1845 2023 2088 2075 ranstiberim
2115 2021 2326 2073 teneantur

1383 2082 1441 2123 ad
1452 2080 1748 2136 applicationem
1777 2082 2101 2142 Miffar'um‘dn.
2127 2080 2328 2138 -lre'sniff

1355 2161 1357 2163 ·
1384 2143 1449 2186 vit
1467 2168 1507 2175 --
1525 2142 1729 2198 Negativ?
1741 2168 1783 2176 --
1809 2143 1858 2187 ὠ*
1879 2144 1921 2184 in
1936 2144 1976 2188 T
1970 2138 2329 2198 ricastinenp-appli-

1378 2202 1545 2244 cationis
1570 2202 1764 2258 Sacrificii
1788 2203 1913 2262 Mg‘ffae‘
1930 2233 1943 2254 ,
1972 2205 2017 2246 in
2046 2203 2326 2262 qua.··qutespie

1379 2274 1469 2305 erat
1483 2264 1534 2304 de
1554 2263 1734 2319 quadam
1751 2264 2028 2320 Cappellania
2039 2262 2327 2321 fundamen-p

1376 2321 1644 2379 obligatione
1665 2324 1910 2367 celebrandi
1924 2325 2120 2382 quotidie
2134 2323 2327 2382 *quadani

1375 2383 1481 2425 hora
1498 2381 1776 2425 determinata
1791 2398 1867 2440 pro
1891 2384 2325 2427 commoditatenuii÷

1377 2443 1586 2485 nullarum
1601 2443 1852 2486 Monialium
1871 2472 1883 2493 ,
1913 2448 1953 2487 δι
1967 2444 2328 2501 αρρῑὶσειηάἰηιην

1371 2503 1483 2546 libet
1510 2502 1616 2546 feria
1635 2500 1817 2546 secunda
1848 2519 1932 2547 non
1947 2506 2149 2561 impedita
2160 2501 2325 2546 'Missam

1373 2564 1646 2606 Mortuorum
1676 2578 1752 2615 pro
1783 2566 1919 2609 anima
1949 2565 2224 2614 fundatoris,
2255 2575 2325 2606 re·

1371 2621 1545 2680 spondit
1570 2638 1671 2665 anno
1693 2637 1770 2677 171
1784 2638 1819 2667 1.
1836 2624 1994 2668 Missam
2013 2624 2092 2668 esse
2108 2619 2322 2682 applican'e.

1370 2685 1467 2727 dam
1496 2684 1549 2726 ad
1575 2685 1745 2727 libitum
1761 2686 2004 2729 Sacerdotis
2035 2685 2293 2728 celebrantis
2306 2710 2320 2733 ,

1373 2756 1551 2801 excepta
1569 2742 1686 2787 Missa
1702 2746 1742 2788 in
1757 2745 1863 2789 feria
1879 2744 2059 2803 secunda
2076 2744 2323 2803 applicatus·

1368 2819 1447 2862 pro
1465 2806 1619 2847 Anima
1646 2806 1901 2849 Fundatoris
1917 2836 1930 2857 ,
1961 2808 2020 2848 uti
2038 2807 2318 2861 habeturgug.

1374 2878 1425 2916 33
1437 2879 1475 2906 2.
1494 2864 1543 2908 ὠ·
1563 2878 1614 2917 35
1626 2867 1665 2907 8.
1680 2865 1707 2906 a*
1721 2877 1830 2923 tergo
1845 2867 1912 2908 lib.
1929 2872 1999 2909 61.
2014 2867 2159 2910 decret.
2177 2864 2319 2909 &iit-.-

1372 2929 1549 2967 Romana
1565 2925 1804 2967 reductionis
1819 2956 1832 2975 ‚
1859 2926 1907 2970 &⁹
1930 2925 2203 2981 applicationis
2216 2924 2320 2978 Mis-

1357 2986 1502 3037 sarum
1521 2997 1587 3034 15.
1612 2987 1839 3028 Decembris
1863 3000 1989 3039 1714.
2017 2988 2087 3029 ubi
2108 2983 2318 3044 disputato

1367 3044 1500 3087 dubio
1523 3047 1637 3086 --An
1658 3046 1747 3104 effit
1775 3046 1836 3088 die
1862 3047 2024 3089 sabbati
2051 3046 2172 3105 Mtffit
2197 3042 2319 3101 appll-

1366 3105 1494 3146 canda
1504 3105 1544 3146 in
1558 3105 1766 3164 hypothesi,
1783 3107 1824 3148 in
1840 3122 1919 3164 qua
1942 3108 2142 3149 Fundator
2156 3106 2317 3148 deman-

1369 3166 1549 3207 daverat
1560 3166 1860 3221 applicationem
1874 3168 1967 3209 aliis
1982 3166 2220 3209 hebdomada
2231 3164 2316 3206 die-

1362 3225 1432 3266 bus
1457 3248 1470 3274 5
1503 3226 1878 3282 &applicationem
1902 3243 1977 3270 non
1992 3226 2315 3269 demandaverat

1362 3285 1426 3326 die
1438 3286 1604 3327 Sabbati
1619 3315 1631 3335 ,
1640 3287 1716 3338 sed
1717 3288 1930 3340 simplicem
1950 3289 1992 3328 in
2003 3288 2070 3328 illo
2082 3284 2313 3327 celebratio«-

1361 3359 1451 3386 nem
1467 3371 1501 3379 --
1523 3344 1777 3402 Responsum
1794 3347 1872 3389 fuit
1886 3373 1925 3382 -··
1941 3346 2143 3404 Negative*
2156 3373 2167 3385 .

1304 3418 1333 3457 4
1422 3406 1720 3448 Concurrente
1757 3406 1979 3462 praesertim
2018 3403 2310 3449 observantia„

1361 3462 1578 3506 subsecuta
1596 3467 1647 3508 ab
1685 3465 1901 3523 Episcopis
1929 3469 1971 3508 in
1989 3465 2310 3509 visitationibus

1360 3525 1592 3581 approbata
1609 3554 1621 3574 ,
1650 3540 1732 3569 non
1746 3527 1984 3583 applicandi
2001 3527 2201 3584 quotidie
2213 3521 2312 3627 [ΨΕ-

2254 3598 2314 3634 as,
