2456 3802
303 147 386 225 48
401 144 433 206 8

287 259 471 303 dereliflo
486 286 500 307 ‚
519 267 591 298 aut
607 269 683 297 non
697 283 709 302 ‚
719 255 764 308 st
778 255 895 295 habet
912 269 999 296 eam
1011 267 1083 309 pro
1097 254 1246 294 dereli-

287 323 349 363 &¹0
363 330 481 373 ‚puta
494 317 588 372 quia
604 315 813 356 contraxit
826 316 1123 355 matrimonium
1137 344 1150 363 ,
1176 314 1249 354 vel

273 381 416 437 fufius
439 377 612 430 estmiles
629 402 668 409 --
688 374 871 430 Compost.
887 374 928 413 in
958 388 1042 430 cap.
1066 389 1099 415 1.
1116 376 1185 417 col.
1204 390 1247 428 3.

287 442 397 492 vers:
412 438 490 492 sed
519 439 566 479 de
593 436 717 478 milite
743 438 790 476 de
816 436 940 490 regul.
964 437 1051 486 jur.
1076 437 1246 478 Barbat.

288 500 388 553 cons.
412 513 427 539 1
442 512 477 538 1.
492 512 588 554 erga
592 498 673 553 fin.
690 497 798 549 vers.
810 496 1115 550 praetereafacit
1132 497 1199 538 lib.
1210 510 1247 538 1.

285 561 373 617 Gig.
386 560 548 614 depenfi
563 556 703 616 quast.
727 570 797 609 55.
812 570 920 598 num.
938 570 993 606 z.,
1006 556 1054 600 (θ’
1071 559 1194 611 confiz
1206 571 1247 610 3.

286 635 391 664 num.
422 634 463 673 3.

241 695 293 724 21
360 682 406 723 In
426 680 562 723 nihilo
580 681 746 735 penitus
766 679 937 731 juvante
957 707 970 727 ,
985 679 1104 736 quod
1124 679 1251 720 Anti-

294 756 428 785 notus
460 740 564 783 licet
583 741 741 781 militiae
777 739 963 780 Seculari
983 737 1218 795 adscriptus
1235 767 1250 788 ‚

290 800 396 846 saeva
419 814 562 843 tamen
595 813 806 856 nunquam
831 799 1071 840 exercuerit
1093 815 1103 843 5
1123 801 1250 856 quia...

287 865 352 908 vis
382 875 467 904 non
497 861 571 902 stat
598 861 639 899 in
659 863 749 902 ae'tu
766 861 956 901 exercito
979 887 992 907 ,
1026 860 1098 916 qui
1126 860 1243 901 mere

286 921 614 967 accidentaliter
630 918 667 961 se
685 920 828 967 habet,
844 917 972 961 sedin
991 922 1081 961 aetu
1096 921 1250 975 primo,

289 984 377 1026 hoc
406 983 462 1024 est
497 982 538 1024 in
558 979 788 1023 dimissione
815 981 940 1022 status
969 980 1252 1023 Clericalis&

288 1040 569 1099 assumptione
599 1042 757 1097 cinguli
779 1042 971 1082 militaris
990 1069 1003 1089 ,
1034 1055 1108 1097 per
1124 1055 1251 1098 quem

282 1106 422 1146 adium
445 1103 772 1158 pontentialiter
800 1103 895 1160 quis
915 1100 1172 1158 propositum
1192 1102 1254 1143 in-

280 1164 382 1207 ,duit
405 1162 509 1206 saeva
535 1162 800 1210 exercendi,
827 1162 1001 1220 quando
1017 1159 1134 1204 casus
1151 1175 1251 1204 eve-

294 1226 409 1268 nerit
442 1240 454 1271 ;
481 1224 598 1277 juxta
631 1223 864 1266 doctrinam
893 1222 1086 1276 Speculat.
1115 1222 1181 1264 lib.
1216 1236 1252 1264 1.

283 1296 422 1340 parte.
442 1297 477 1326 1.
506 1285 555 1325 de
585 1283 659 1339 leg.
689 1283 757 1325 tit.
774 1284 821 1324 de
850 1283 1011 1338 dtspetgſs
1038 1287 1076 1331 §.
1108 1284 1254 1342 ‘Juxta

291 1359 400 1387 num.
429 1358 495 1386 10.
527 1343 636 1396 vers]
662 1343 734 1384 alii
751 1344 874 1385 etiam
904 1344 1005 1385 tales
1032 1344 1189 1396 Barboſs
1207 1344 1255 1384 de

294 1406 399 1464 ‘juta
416 1406 554 1458 Eccqu.
572 1404 638 1446 lib.
648 1404 780 1458 primo
795 1417 876 1459 cap.
896 1417 964 1456 39.
983 1409 1022 1452 §.
1037 1419 1075 1445 2.
1095 1417 1253 1454 nu.79.,

297 1465 349 1510 (θ’
363 1466 431 1507 lib.
451 1479 489 1518 3.
508 1477 590 1519 cap.
613 1478 677 1515 14.
694 1480 798 1505 num.
818 1479 838 1518 3
853 1479 903 1512 1..
921 1464 1086 1521 &fiqq.
1106 1464 1255 1515 Majol.

293 1528 342 1569 de
358 1525 608 1583 irregularit.
632 1525 698 1567 lib.
722 1539 762 1567 2.
777 1538 859 1579 cup.
877 1531 917 1565 6.
935 1539 1042 1566 num.
1062 1537 1100 1575 5.
1130 1529 1254 1566 Fran-

297 1586 385 1646 cisc.
403 1590 537 1628 Marc.
558 1585 669 1639 decis.
684 1591 787 1639 396.
802 1600 905 1626 num.
911 1600 950 1638 3.
966 1586 1072 1638 versi
1089 1585 1182 1640 quia
1198 1585 1256 1625 ir-

297 1647 606 1704 regularitatem
628 1657 750 1700 parte
776 1660 812 1686 2.
829 1675 842 1695 ‚
870 1649 973 1687 Rota
990 1658 1120 1687 coram
1134 1646 1254 1690 eard.

292 1709 399 1761 Celso
415 1707 530 1761 decisi
549 1711 620 1756 69.
635 1722 740 1748 num.
771 1721 837 1758 19.

351 1771 449 1812 Nec
481 1767 764 1810 controversae
799 1768 1007 1823 pensionis
1025 1769 1253 1812 6)(ῑὶηᾶἰο-

298 1842 397 1872 nem
414 1829 648 1872 Antinorus
673 1830 900 1872 excludere
920 1831 1050 1871 valuit
1068 1828 1141 1872 sub
1158 1828 1255 1870 fun-

296 1889 503 1932 damento
521 1919 534 1939 ,
548 1890 666 1947 quod
685 1891 850 1932 Militiae
867 1891 1023 1931 Summi
1041 1888 1257 1931 pontificis

293 1964 373 2008 pro
402 1951 587 1993 tuitione
621 1950 763 1992 Status
799 1950 1067 1993 Ecclesiastici
1098 1949 1256 1992 adscri-

289 2021 389 2069 ptus
407 2039 420 2059 ,
439 2024 517 2066 pro
535 2009 718 2052 Ecclesia
740 2025 851 2052 arma
875 2009 1076 2067 sumpsisse
1096 2040 1108 2058 ,
1126 2015 1164 2053 &
1183 2024 1263 2067 per,

290 2068 561 2128 consequens
595 2072 647 2112 ab
684 2070 966 2113 Ecclesiastica
988 2072 1146 2112 Militia
1165 2071 1261 2112 nul-

294 2131 467 2174 latenus
510 2129 706 2174 receffiffe
738 2130 958 2174 censeatur
987 2160 1000 2180 ,
1046 2131 1260 2188 quidquid

294 2189 413 2235 secus
443 2189 585 2235 essetfi
617 2193 658 2235 in
691 2193 841 2234 militia
860 2193 1032 2234 alterius
1054 2192 1259 2247 Principis

290 2254 513 2296 Saecularis
532 2266 686 2295 nomen
703 2250 884 2294 dedisset
908 2281 918 2301 ,
947 2252 1064 2304 juxta
1087 2264 1258 2294 notata.»

290 2328 368 2370 per
385 2314 507 2353 Card.
523 2314 569 2353 de
584 2319 674 2354 Luc.
687 2314 733 2353 de
755 2314 862 2366 Pens.
882 2313 975 2367 disc.
991 2318 1066 2365 46.
1083 2329 1096 2358 ς
1121 2314 1204 2368 Qi
1217 2328 1256 2355 L,

290 2374 554 2416 contrarium
587 2371 772 2415 decisum
806 2374 984 2415 habetur
1015 2374 1056 2414 in
1075 2375 1258 2430 geminis

288 2433 538 2476 Tribunalis
568 2432 694 2475 nostri
723 2433 1007 2476 decisionibus
1039 2434 1167 2475 editis
1199 2447 1260 2473 co-

291 2509 378 2536 ram
396 2495 482 2534 bon.
500 2507 615 2535 mem.
631 2493 838 2534 Cardinali
853 2495 954 2547 Celso
971 2495 1082 2547 decis.
1103 2499 1127 2534 6
1134 2507 1192 2543 9.‚
1210 2493 1261 2536 &-

290 2553 405 2608 decisi
426 2568 446 2594 2
462 2558 527 2595 16.
559 2554 599 2594 in
613 2567 829 2608 earumque
860 2554 1154 2608 confirmatoria
1166 2554 1259 2608 pri-

291 2631 356 2657 ma
374 2614 486 2672 ‘Julii
503 2619 630 2663 1665.
648 2628 779 2654 coram
796 2614 882 2656 bon.
895 2630 993 2655 men.
1014 2614 1228 2671 Albergato
1244 2642 1259 2663 ,

292 2676 336 2718 in
355 2675 511 2732 quibus
526 2702 539 2724 ,
552 2676 734 2717 articulo
751 2673 944 2717 formiter
964 2673 1160 2723 discusso,
1178 2675 1258 2716 sta-

292 2735 464 2777 bilitum
482 2734 700 2783 remansit,
719 2732 966 2777 assumentes
980 2737 1111 2777 etiam
1129 2737 1257 2777 Arma

292 2796 453 2838 Summi
471 2791 688 2838 pontificis
724 2792 1024 2852 cujuscumque
1054 2795 1258 2837 Ecclesia-

294 2856 404 2901 sticae
435 2854 646 2913 pensionis
677 2854 1043 2911 fier‚iincapaces;
1076 2855 1257 2904 Unde),

295 2929 389 2957 cum
421 2917 463 2957 in
480 2917 560 2958 hoc
583 2916 764 2957 articulo
788 2917 900 2957 clara
931 2916 1137 2957 habeatur
1162 2916 1256 2955 Tri-

294 2976 463 3018 bunalis
495 2976 620 3018 nostri
639 2977 771 3016 toties
794 2974 1043 3017 confirmata
1063 2975 1221 3017 deeifio
1240 3004 1255 3024 ,

292 3036 335 3077 in
349 3035 467 3078 nulla
491 3035 832 3078 consideratione
859 3035 1054 3078 habenda
1086 3038 1142 3080 cst
1163 3037 1258 3091 opi-f

294 3096 368 3137 nio
385 3096 610 3138 Cardinalis
635 3097 682 3137 de
700 3099 819 3141 Lucas
834 3097 907 3153 qui
924 3111 975 3139 ex
995 3096 1171 3152 proprio
1190 3097 1256 3148 ju-

297 3154 431 3202 dicio,
449 3160 488 3197 &
504 3170 719 3213 tamquam
738 3157 926 3212 privatus
947 3159 1126 3204 Doctor,
1143 3154 1255 3203 suam

239 3225 291 3256 22
317 3212 552 3257 defendens
596 3215 847 3259 sententiam
879 3246 891 3265 ,
942 3229 1257 3271 contraponen-

294 3273 374 3315 dus
411 3287 495 3316 non
511 3275 566 3316 est
592 3276 701 3329 Rote
719 3277 959 3318 austeritati
980 3307 991 3325 ,
1023 3277 1140 3328 cujus
1158 3279 1256 3332 opi-

299 3334 474 3375 nionem
492 3335 645 3377 nedum
677 3338 903 3378 Sententiae
933 3339 1054 3379 unius
1071 3365 1083 3383 ‚
1101 3339 1254 3380 verum

297 3394 426 3435 etiam
458 3395 645 3433 omnium
668 3396 897 3437 Doestorum
927 3398 1155 3452 praevalere
1175 3411 1254 3442 no-

299 3467 390 3497 tum
421 3453 477 3497 est
496 3480 508 3502 ,
537 3455 577 3505 ὃς
591 3451 757 3497 firmant
787 3451 906 3506 V‘estr.
924 3456 964 3498 in
976 3457 1107 3510 praxi
1125 3456 1192 3497 lib.
1212 3462 1253 3498 6.

636 136 1136 202 Commentaria
1169 136 1265 202 ad
1287 131 1570 221 singulos
1601 135 1904 198 Canones

1367 263 1450 304 cap.
1462 264 1475 290 1
1485 279 1496 290 .
1511 265 1615 292 num.
1624 265 1640 290 1
1650 250 2126 307 8.Gratian.disteptfor.
2142 265 2227 308 cap.
2237 265 2253 292 1
2263 265 2335 304 04·

1366 326 1495 360 num-5
1508 318 1548 352 6.
1568 311 1727 354 Kokt'er.
1732 312 1856 366 super
1873 312 2017 354 induli.
2030 313 2202 366 primur.
2216 327 2334 369 praec·

1355 373 1462 426 fici.
1478 385 1519 423 4.
1531 371 1611 426 fol.
1629 384 1699 423 49.
1730 373 1893 414 Conciol.
1925 373 2090 430 allegat.
2117 375 2242 417 Civil.
2261 388 2331 428 34.

1369 447 1476 473 num.
1493 445 1563 483 4¹·
1585 449 1594 478 ;
1621 432 1670 475 ὠ·
1685 432 1848 489 allegat.
1869 446 1939 485 43.
1956 450 2058 475 num.
2084 449 2149 484 19.
2173 436 2336 479 Cavall.

1369 507 1559 535 commun.
1569 504 1707 534 contra
1723 508 1907 535 commun.
1922 496 1962 536 in
1971 507 2134 549 prooem.
2147 511 2250 537 num.
2265 511 2284 536 2
2297 510 2335 546 5.

1372 552 1422 596 ὁ·
1425 554 1544 609 seqq.
1575 559 1722 595 Letter.
1749 552 1792 595 in
1818 567 2006 609 apparat.
2043 557 2092 597 de
2117 569 2160 597 re
2175 556 2333 611 benefic.

1372 629 1475 656 num.
1507 627 1603 664 ¹05·
1634 614 1739 661 Pait.
1775 616 1823 657 de
1839 616 1944 656 cred.
1978 628 2062 669 cap.
2078 617 2273 672 4.quaes‘3.
2294 632 2339 670 7.

1372 689 1478 715 num.
1498 687 1598 726 279.
1620 675 1789 732 Tanagl.
1806 676 1853 716 de
1865 680 1949 718 Sac.
1969 679 2061 718 Roe.
2079 683 2186 720 Rom.
2212 679 2335 719 Audi·
2412 734 2418 744 ἱ

1372 744 1451 775 tor.
1466 735 1534 775 lib.
1557 749 1593 775 1.
1614 749 1697 790 cap.
1717 749 1757 788 3.
1772 750 1877 779 num.
1902 749 1953 786 1.,
1970 741 2007 779 &
2025 738 2178 780 dietum
2196 737 2276 780 fuit
2291 741 2334 780 in

1374 805 1526 835 recent.
1543 797 1658 849 decis.
1679 811 1697 836 2
1710 811 1726 847 5
1740 801 1780 836 6.
1799 811 1901 839 num.
1925 812 1940 839 1
1951 811 1988 845 7.
2002 809 2120 852 parte
2146 811 2185 848 7.
2200 813 2334 840 coram

1376 858 1549 896 Buratto
1569 857 1683 909 decis}
1706 858 1806 908 863.
1827 873 1930 898 num.
1953 871 1966 897 1
1979 872 2017 910 3.
2034 887 2046 907 ‚
2063 859 2106 900 in
2125 864 2303 903 Romana
2319 879 2335 912 5

1361 917 1439 969 seu
1447 915 1889 975 NicienAEideicommiffi‘
1906 920 2197 970 14.Decembris
2207 934 2221 960 1
2235 935 2254 971 7
2263 935 2288 959 0
2295 933 2335 973 3.

1376 980 1418 1024 S.
1450 981 1537 1019 Non
1556 977 1685 1030 solum
1713 992 1843 1020 coram
1869 980 2197 1036 Reverendiffimo
2217 985 2261 1025 Ρ,
2275 986 2334 1024 D·
2374 1002 2386 1026 ·.

1379 1036 1551 1080 Molines
1569 1066 1583 1087 ,
1610 1038 1658 1082 &⁴
1673 1039 1715 1082 in
1732 1044 1911 1082 Romana
1942 1040 2156 1083 evictionis
2181 1053 2246 1090 17.
2262 1043 2336 1082 Fc-

1376 1097 1550 1139 brvarii
1568 1111 1582 1138 1
1595 1111 1616 1148 7
1629 1112 1694 1142 10.
1728 1104 1766 1148 §-
1787 1104 1838 1142 Et
1852 1100 2048 1158 quidquid
2075 1101 2260 1143 dixerint
2275 1116 2339 1143 co-

1378 1173 1470 1200 ram
1488 1159 1787 1217 Eminenttfflmo
1815 1162 2024 1203 cardinali
2047 1165 2175 1205 Scotto
2189 1188 2203 1211 ‚
2229 1163 2279 1205 ὠ·
2295 1161 2338 1205 in

1378 1221 1624 1261 camerinen.
1637 1221 1875 1280 Succeffi'onis
1896 1235 1962 1276 14.
1977 1222 2101 1283 ‘Junii
2121 1236 2136 1263 1
2148 1236 2170 1275 7
2184 1222 2332 1278 15.Jiab.·

1380 1284 1420 1327 §.
1438 1281 1695 1340 Qamquam
1709 1296 1809 1325 vero
1825 1298 1902 1325 cor.
1923 1288 2073 1326 R.P.D.
2091 1299 2172 1326 meo
2189 1289 2308 1325 Pei-ro
2322 1311 2335 1324 .

1322 1352 1373 1392 23
1439 1341 1625 1384 Maxime
1644 1343 1743 1400 quia
1756 1343 1988 1387 decisiones
2005 1346 2206 1400 praedistae
2223 1345 2340 1401 lega—

1378 1399 1411 1441 li
1431 1429 1444 1450 ‚
1479 1415 1525 1443 ac
1544 1407 1791 1460 perurgenti
1812 1404 2040 1448 admodum
2069 1404 2341 1448 rationeval-

1378 1461 1472 1504 latae
1500 1461 1807 1518 dignoscuntur
1824 1493 1835 1512 ,
1869 1466 2081 1510 Romanus
2099 1467 2343 1508 enimPon-

1381 1520 1487 1563 tifex
1517 1524 1729 1578 duplicem
1750 1527 1789 1568 in
1808 1528 1933 1568 terris
1953 1525 2224 1583 reproesentat
2243 1539 2342 1582 per-

1381 1578 1522 1624 sonam
1539 1600 1549 1630 ;
1567 1585 1738 1627 alteram
1764 1587 1926 1629 vicarii
1942 1587 2097 1630 Christi
2116 1614 2129 1635 ,
2161 1587 2338 1629 alteram

1380 1645 1485 1692 ‚vero
1503 1645 1707 1700 Principis
1736 1647 1954 1690 Saecularis
1970 1649 2012 1689 in
2030 1649 2196 1690 ditione
2219 1676 2233 1696 ‚
2267 1661 2340 1703 pa-

1381 1705 1587 1752 trimonio
1621 1707 1722 1750 Divi
1758 1709 1867 1751 Petri
1887 1706 2093 1761 subjedia,
2127 1709 2170 1751 in
2187 1722 2269 1765 qua
2288 1706 2343 1751 ad

1381 1764 1506 1806 instar
1518 1766 1693 1812 alterius
1713 1764 2013 1827 uniuscumque
2025 1769 2239 1811 Saecularis
2262 1769 2343 1811 1³0-

1383 1824 1543 1866 testatis
1577 1824 1906 1875 iurisdietionem
1925 1857 1939 1878 ‚
1975 1830 2202 1886 omniaque
2230 1829 2342 1872 'alia-0

1381 1886 1587 1942 Suprema
1621 1888 1873 1945 temporalia
1896 1889 2002 1945 Jura
2035 1901 2224 1932 exercet.
2244 1895 2338 1943 Pap.

1382 1948 1594 2003 vergentis
1620 1947 1751 2003 ibique
1770 1953 1943 2005 Fagnan.
1961 1965 2066 1992 num.
2086 1964 2123 1990 2.
2148 1950 2194 1990 de
2221 1949 2346 1990 haere-

1381 2005 1451 2047 tic.
1467 2019 1551 2061 cap.
1570 2021 1610 2056 9.
1643 2010 1910 2051 Venerabile-m
1943 2014 2012 2066 qui
2022 2009 2196 2065 fili-isint
2229 2010 2342 2066 legiss-

1384 2067 1445 2122 ibi
1461 2092 1499 2100 --
1523 2068 1570 2109 id
1579 2082 1713 2111 autem
1725 2071 1767 2110 in
1784 2071 2029 2112 patrimonio
2057 2074 2102 2112 B.
2120 2069 2342 2115 Retrilibe-

1383 2141 1428 2169 re
1440 2128 1566 2182 potest
1591 2129 1804 2185 Apcstolica
1835 2134 1950 2174 Sedes
1976 2131 2157 2187 efficere,
2185 2130 2226 2170 in
2242 2145 2316 2187 quo
2327 2159 2346 2181 „

1385 2188 1436 2231 ό·
1461 2190 1609 2231 Summi
1626 2192 1834 2247 pontificis
1849 2192 2312 2241 aut't‘oritatem.sxetcet
2328 2218 2343 2241 ‚

1385 2248 1434 2292 (θ’
1459 2250 1609 2291 Summi
1622 2250 1817 2307 Principis
1830 2253 2046 2309 exequitur
2053 2252 2284 2307 potestatem
2303 2276 2353 2305 --⁴

1383 2311 1508 2351 Card.
1535 2312 1583 2351 de
1598 2315 1688 2354 Luc.
1708 2312 1882 2367 defeud.
1900 2313 1943 2355 di
1960 2328 1991 2355 c.
2009 2327 2081 2366 93.
2099 2342 2113 2363 ,
2131 2312 2243 2356 &Ae
2261 2313 2344 2357 dot.

1328 2383 1384 2423 24
1400 2370 1493 2424 disc.
1528 2385 1597 2413 22.
1631 2373 1845 2429 ‘utrobique
1863 2388 1967 2416 num.
1987 2378 2028 2415 6.
2058 2399 2098 2408 --
2126 2373 2343 2431 Ideoqueq,

1387 2430 1489 2472 dum'
1505 2431 1726 2478 pontificis
1743 2435 1903 2478 militiae
1922 2448 2000 2491 pro
2014 2433 2343 2478 tuitionestatus
2360 2457 2386 2470 ··

1391 2493 1642 2548 temporalis
1666 2495 1763 2551 quis
1797 2492 1837 2537 se
1859 2491 2343 2544 adscribit-⁴,inservire-³

1388 2564 1476 2594 non
1492 2553 1651 2597 dicitur
1667 2554 1784 2608 Papae
1800 2583 1812 2604 ‚
1836 2556 1898 2597 uti
1914 2556 2069 2598 Christi
2084 2556 2255 2599 Vicario
2271 2582 2284 2602 ‚
2302 2557 2344 2599 δε

1387 2626 1467 2668 pro
1487 2612 1678 2657 Ecclesiae
1695 2614 1938 2660 defensione
1955 2645 1968 2665 ,
2002 2630 2094 2674 quae
2109 2613 2344 2668 juxtainud

1385 2672 1444 2715 D.
1460 2674 1635 2718 Thomae
1660 2675 1974 2719 Cantuariensis
1989 2691 2096 2718 more
2117 2675 2344 2730 Castrorum

1384 2734 1713 2788 noncustoditur,
1744 2735 1815 2780 sed
1835 2738 1950 2794 Papae
1978 2749 2192 2795 tamquam
2219 2737 2345 2778 Prin.-

1386 2794 1471 2850 cipi
1499 2793 1694 2844 Saeculari
1714 2795 1961 2840 famulatum
1990 2793 2178 2854 praebere
2196 2793 2346 2840 tense·-

1386 2865 1479 2902 tur‚
1506 2866 1551 2897 ut
1581 2858 1849 2914 generalibus
1880 2857 2151 2914 praetermiffis
2169 2857 2252 2906 sin
2271 2857 2344 2898 ‘his

1386 2914 1562 2969 praecisis
1580 2917 1770 2959 terminis
1796 2919 1884 2960 late
1901 2920 2056 2973 probat
2070 2947 2082 2967 ‚
2113 2917 2342 2968 contrariis

1386 2975 1514 3017 etiam
1545 2973 1874 3032 respondendo,
1905 2976 2026 3032 Episc.
2062 2984 2180 3021 Rocc.·
2201 2977 2342 3032 dispue-

1387 3035 1489 3093 “Jur.
1505 3047 1588 3088 cap.
1611 3050 1708 3086 191.
1724 3053 1826 3078 num.
1846 3051 1915 3090 32.
1932 3066 1945 3086 ,
1962 3038 2141 3095 &seqq.-
2165 3068 2190 3082 ,,
2233 3055 2281 3082 :ta-c
2304 3057 2316 3080 ’.
2351 3046 2385 3062 ”

1328 3108 1377 3147 25
1449 3096 1501 3137 Et
1518 3096 1573 3138 de
1589 3096 1700 3140 fabio
1717 3111 1810 3142 cum
1828 3100 1871 3142 ῐη
1886 3112 1966 3141 una
1998 3102 2172 3142 Romana
2195 3099 2342 3151 Pensio-

1384 3155 1447 3197 nis
1467 3168 1531 3206 14.
1551 3158 1699 3210 Aprilis
1721 3172 1735 3198 1
1747 3162 1847 3209 679.
1862 3175 1995 3201 coram
2012 3156 2221 3202 cardinali
2237 3158 2342 3209 Taja

1386 3216 1628 3271 dubitatum
1661 3217 1799 3260 fuisset
1817 3248 1829 3267 ‚
1855 3234 1907 3261 an
1931 3235 2004 3276 per
2020 3218 2343 3261 assecutionem.)

1385 3275 1509 3319 officii
1528 3280 1694 3333 Capitis
1712 3278 1919 3337 Regionis
1946 3281 2073 3323 Urbis
2092 3276 2345 3319 Ecclesiasti-

1386 3351 1443 3378 eae
1463 3337 1682 3392 pensiones
1714 3343 2008 3382 amitterentur
2026 3369 2039 3387 ‚
2056 3337 2128 3380 sub
2147 3341 2343 3387 motivo,

1385 3398 1502 3452 quod
1521 3398 1656 3439 cidem
1671 3397 1811 3445 officio
1826 3400 2021 3455 aliqualis
2038 3401 2229 3440 militaris
2246 3412 2342 3454 qua..

1389 3458 1486 3499 litas
1507 3456 1652 3500 ineffet
1670 3487 1683 3508 2
1702 3459 1811 3502 Rota
1827 3461 1870 3504 in
1888 3457 2004 3518 sensu
2018 3454 2099 3503 fuit
2109 3461 2344 3518 negativos

2258 3531 2342 3561 non

2199 0 2428 240 ’.ΜἸ

2414 234 2429 297 §i

2418 290 2429 324 -l

2416 329 2431 406 i

2415 417 2432 446 ss

2418 483 2434 549 {i

2446 3258 2456 3290 Ji

2446 3303 2456 3359 ἐ

2446 3362 2456 3399 Ξ

2445 3401 2456 3435 ᾗ
