2456 3802
359 243 493 308 452

342 336 516 379 statibus
537 331 892 377 antecedentibus
908 361 921 380 ,
941 328 1288 389 &subsequenti-

345 396 424 438 bus
447 395 874 451 interpretationem,
892 396 932 436 &
957 391 1290 450 intelligentiam

348 457 526 512 recipiat
546 484 559 504 ,
575 467 618 496 ut
634 454 674 497 in
691 454 802 497 dicta
832 453 999 496 Aretina
1014 453 1201 508 Beneficii
1223 466 1244 493 2
1254 468 1294 506 3.

350 516 502 572 Aprilis
523 529 650 568 1703.
667 519 706 563 5.
717 514 885 556 Minime
898 528 1030 555 coram
1047 517 1296 557 R.P.D.An-·

342 578 460 633 faldo
484 605 498 626 ,
519 576 561 617 in
586 581 740 618 Lucana
767 574 953 631 Beneficii
985 588 1054 616 22.
1084 574 1293 617 Februarii

358 652 376 680 1
386 651 408 688 7
418 652 487 688 09.
505 642 544 685 5.
560 636 828 691 Descendendo
842 650 976 678 coram
990 638 1144 678 R.P.D.
1159 635 1294 676 Falco-

352 698 461 742 nerio
474 728 487 748 ,
502 698 552 743 &¹
569 699 610 739 in
623 697 803 748 Ostunen.
817 695 1001 751 Beneficii
1013 709 1052 746 3.
1064 694 1294 737 Decembris

358 772 487 812 1714.
518 763 557 806 §.
590 757 740 812 Absque
762 771 803 797 eo
829 770 959 796 coram
991 753 1292 811 Eminentiffimo

349 821 478 861 Scotto
493 847 506 865 ,
528 818 577 860 (θ’
593 817 633 856 in
655 815 853 867 pistorien.
868 815 1055 871 Beneficii
1072 828 1142 866 27.
1169 819 1294 858 Asar-

349 879 403 923 tii
417 879 532 929 hujus
547 875 641 919 anni
661 880 700 924 5.
713 875 858 917 Veram
876 890 1010 917 coram
1023 879 1178 918 R.P.D.
1194 881 1293 919 Cer-

347 955 390 981 ro
409 969 421 980 .
453 940 557 980 Non
584 936 821 979 subsistente
835 937 1142 993 replicatione,
1170 937 1292 995 quod

346 999 555 1042 sententia
596 1012 771 1055 quoque
801 997 1116 1039 Eminentiffimi
1146 998 1289 1040 Scotti

342 1061 460 1115 juxta
477 1059 784 1115 praecedentem
800 1058 945 1100 statum
963 1058 1130 1113 prolata
1158 1086 1173 1106 ,
1209 1058 1288 1100 hac

345 1121 494 1164 eadem
513 1121 651 1162 notari
665 1117 797 1176 posset
809 1118 1110 1161 incertitudine
1127 1146 1142 1166 ‚
1157 1122 1197 1162 &
1212 1119 1290 1159 du-

343 1182 506 1225 bietate
525 1210 539 1229 ,
576 1194 669 1222 nam
684 1195 735 1221 ex
754 1180 911 1222 lectura
925 1177 1142 1222 divisionis
1174 1178 1290 1222 clare

343 1244 467 1284 nimis
484 1241 836 1298 deprehenditur,
851 1240 1102 1297 postremum
1121 1239 1205 1282 hoc
1219 1239 1289 1291 ju-

342 1304 530 1346 dicatum
553 1298 782 1359 processisse
800 1316 851 1342 ex
882 1298 982 1343 solis
998 1298 1291 1356 pra-:sentatio-

341 1365 465 1406 nibus
483 1363 536 1404 de
549 1364 768 1419 praeterito
788 1359 981 1404 effectum
997 1358 1176 1409 sortitis,
1193 1373 1287 1419 quae

341 1424 396 1466 de
413 1437 486 1479 per
502 1420 542 1464 se
571 1421 780 1479 praecisive
796 1424 923 1465 etiam
941 1422 964 1464 a
990 1435 1289 1480 quocumque»

339 1484 601 1526 adminiculo
612 1483 716 1525 boni
730 1483 831 1536 juris
847 1511 861 1532 ,
875 1487 914 1526 &
932 1483 1198 1539 pertinentiae
1211 1482 1288 1523 Pa-

339 1545 522 1587 tronalis
565 1542 883 1600 praesentantem
921 1544 1179 1586 constituunt
1212 1542 1286 1585 in.»

335 1604 450 1663 quasi
473 1602 717 1660 possessione
744 1602 1024 1660 praesentandi
1053 1631 1067 1651 ,
1095 1616 1141 1646 ut
1171 1603 1282 1645 bene

333 1665 521 1708 firmatur
537 1665 578 1705 in
594 1665 727 1706 eadem
738 1663 919 1718 decisione
936 1668 976 1711 5.
992 1663 1070 1716 Ipse
1084 1663 1188 1706 enim
1202 1691 1215 1702 .

273 1726 330 1776 46
391 1724 615 1783 Minusque
628 1735 780 1767 contra
792 1722 962 1767 eosdem
979 1723 1104 1766 status
1115 1734 1288 1766 contra-

335 1787 439 1843 poni
458 1787 725 1828 merebantur
742 1785 867 1827 status
883 1784 1032 1827 favore
1049 1781 1286 1839 possessoris

336 1846 567 1894 majoratus
586 1848 627 1886 in
645 1843 883 1901 oppositum
899 1844 1101 1900 allegati,
1121 1845 1283 1885 Primus

336 1907 448 1948 enim
469 1904 715 1947 efformatus
733 1905 788 1947 de
806 1919 918 1947 anno
942 1917 1069 1955 1492.
1083 1932 1098 1953 ,
1130 1905 1175 1946 in
1194 1917 1284 1961 quo

335 1965 645 2007 institutionem
660 1966 851 2009 obtinuit
868 1962 1141 2022 praesentatus
1156 1965 1180 2006 a
1207 1964 1286 2006 Di-

334 2026 443 2067 daco
475 2025 529 2068 de
560 2023 743 2068 Rioseco
787 2024 982 2069 absortus
1016 2026 1186 2081 penitus
1213 2038 1284 2067 re-

333 2084 478 2129 mansit
495 2099 582 2129 turn
598 2087 620 2128 a
639 2087 832 2144 quinque
863 2086 1089 2128 contrariis
1108 2085 1282 2127 statibus

332 2148 676 2203 praecedentibus
696 2147 887 2203 probatis
919 2160 1062 2188 coram
1097 2144 1284 2188 Thesau-

332 2209 445 2250 rario
461 2208 720 2255 Astoricen.,
739 2221 829 2250 tum
847 2221 899 2248 ex
920 2204 1193 2263 subsequenti
1209 2219 1285 2247 an-

336 2269 379 2309 ni
401 2280 528 2316 1517.
544 2266 710 2309 firmato
733 2281 778 2309 ut
799 2267 919 2323 supra
935 2267 1090 2310 dietum
1119 2267 1177 2308 est
1206 2266 1279 2308 in,

334 2327 871 2378 contradictoriojudicio‚
902 2340 949 2368 ac
964 2340 1016 2367 ex
1046 2326 1142 2367 aliis
1174 2326 1285 2367 duo-

336 2388 416 2429 bus
430 2383 785 2444 subsequentibus
798 2387 1045 2428 executioni
1057 2385 1286 2439 demanda-

333 2448 392 2489 tis
404 2475 417 2494 ,
437 2444 566 2503 usque
582 2447 632 2487 ad
652 2459 802 2488 annum
825 2451 954 2494 1609.
970 2472 984 2493 ,
999 2446 1042 2486 in
1054 2446 1213 2502 quibus
1229 2447 1283 2488 ad

333 2505 466 2550 solam
510 2504 876 2562 praesentationem
915 2505 1285 2548 Commendatarii

331 2567 512 2610 instituti
531 2564 699 2609 fuerunt
716 2565 1042 2608 Bartholomeus
1058 2565 1284 2616 Santalla..‚

334 2630 378 2670 &
393 2624 635 2670 Franciscus
653 2627 799 2682 Lopez
816 2655 829 2674 ‚
865 2637 910 2668 ut
939 2624 1124 2669 firmavit
1139 2630 1284 2669 Rota...

334 2686 379 2728 in
397 2687 663 2729 Mediolanen.
681 2685 937 2741 Cappellam'ae
951 2699 992 2736 9.
1024 2686 1134 2739 Maji
1153 2699 1281 2737 1701.

335 2753 375 2796 §-
410 2749 460 2787 Et
497 2758 610 2788 tanto
648 2747 774 2803 magis
813 2760 948 2787 coram
987 2746 1284 2805 Eminentiffi’mo

334 2807 489 2850 Priolo.
519 2807 739 2849 Secundus
757 2806 859 2849 vero
875 2807 1118 2857 anni1609.
1149 2835 1164 2856 ,
1192 2822 1280 2865 quo

336 2878 530 2924 tempore
559 2862 749 2910 concessa
782 2865 863 2906 fuit
887 2867 1096 2909 institutio
1122 2895 1135 2914 ,
1163 2867 1281 2917 juxta

337 2928 604 2969 concordem
626 2924 842 2982 utriusque
858 2925 1029 2966 Patroni
1060 2922 1282 2980 praesenta-

337 2987 527 3036 tionem,
544 2987 649 3029 nihil
666 2999 813 3028 revera
829 2984 1049 3027 concludit
1077 3001 1089 3030 ;
1125 2998 1277 3044 utpote

338 3049 566 3089 continens
584 3046 786 3104 explicite
812 3043 1281 3101 clausulamsinepraeju-

338 3106 438 3149 dicio
458 3107 658 3148 ulterioris
669 3107 775 3160 juris
808 3134 822 3155 ‚
852 3105 957 3162 quod
979 3106 1279 3165 unusquisque...

338 3165 500 3206 haberet
527 3195 541 3214 ‚
562 3182 655 3224 quae
670 3168 723 3208 de
748 3164 808 3208 sui
838 3178 985 3208 natura
1004 3168 1147 3210 omnia
1178 3182 1280 3225 prae-

337 3220 518 3266 servavit
534 3227 647 3276 jura,
662 3240 756 3284 quae
777 3227 1006 3284 unicuique
1024 3239 1109 3270 tam
1141 3229 1184 3270 in
1207 3242 1280 3284 pe-

334 3283 635 3340 titorio,quam
653 3289 695 3328 in
708 3285 948 3342 possessorio
965 3288 1278 3345 competiiffent

334 3345 482 3384 Marta
499 3344 544 3382 de
556 3345 672 3397 claus.
695 3358 793 3398 157.
805 3361 955 3388 num-2.
970 3375 984 3395 ,
1018 3351 1123 3390 Rota
1145 3364 1276 3393 coram

334 3402 538 3454 Seraphin.
557 3404 695 3455 dec.40
703 3418 743 3455 3.
756 3420 860 3448 num.
870 3421 906 3448 1.
920 3435 933 3455 ,
950 3407 999 3450 (φ
1013 3409 1055 3447 in
1069 3410 1275 3452 recentior.

334 3462 526 3515 dec.495.
532 3475 624 3517 par.
634 3477 649 3503 1
661 3466 719 3513 8.,
733 3464 783 3508 ὁ·
799 3465 839 3506 in
857 3467 1275 3522 Bononien.fideicom-

334 3521 487 3581 miffi'de
500 3524 683 3583 Bavosiis
700 3539 742 3577 9.
757 3526 957 3586 ‘Januarii
971 3530 1099 3580 1699.
1114 3534 1153 3579 §.
1167 3530 1276 3590 Qi-

744 216 1236 285 Commentaria
1258 217 1340 282 acl
1370 213 1654 304 singulos
1677 220 1983 283 Canones

1414 330 1486 372 bus
1518 331 1657 387 positis
1686 345 1820 371 coram
1849 326 2172 386 Reverendiffimo
2201 327 2256 365 D.
2276 337 2359 365 meo

1415 395 1576 433 Decano
1593 423 1604 434 .
1621 393 1674 433 Et
1691 391 1840 433 tertius
1859 390 2046 447 denique
2062 389 2128 437 ,in
2144 399 2231 445 quo
2258 397 2362 441 prae-

1417 448 1676 495 sentationes
1693 453 1847 509 pariter
1867 460 2159 493 convenerunt
2185 475 2198 495 ,
2229 450 2267 489 δε
2284 457 2360 486 cu-

1415 511 1480 566 jus
1493 512 1768 556 occasionein
1783 510 1988 554 sententia
1999 508 2271 552 institutionis
2288 506 2361 547 de-

1414 574 1620 617 claratum
1637 573 1717 616 fuir
1728 602 1740 621 ,
1756 568 2073 615 controversum
2084 567 2360 626 Juspatrona·

1414 644 1482 675 tus
1500 637 1713 691 pertinere
1738 630 1963 676 insolidum
1991 631 2044 673 ad
2069 628 2359 675 Commenda-

1414 694 1564 738 tarium
1582 724 1595 744 ,
1611 700 1651 739 &
1670 692 1937 737 possessorem
1952 691 2184 743 Majoratus
2202 718 2216 739 ‚
2230 700 2357 731 tantae

1414 756 1574 798 nonest
1597 757 1836 798 relevantiae
1864 783 1877 803 ,
1911 765 1955 796 ut
1985 752 2093 795 alios
2120 751 2358 793 contrarios

1413 813 1540 858 status
1555 845 1569 864 ,
1582 820 1622 859 &
1644 815 1870 872 praesertim
1885 815 2077 856 ultimum
2096 809 2360 855 confundere

1413 875 1553 918 valeat
1567 905 1581 926 ‚
1604 890 1697 918 nam
1717 873 1889 918 admisso
1908 875 2033 916 etiam
2052 902 2065 921 ,
2090 873 2209 931 quod
2226 872 2361 914 dicta..

1412 934 1595 979 clausula
1610 937 1652 978 in
1667 934 1847 979 solidum
1862 935 2066 993 aequalem
2081 935 2359 975 patronorum

1410 998 1708 1051 pertinentiam
1725 996 1978 1053 designaret,
1991 995 2111 1053 quod
2128 1009 2211 1038 non
2227 991 2360 1036 trans-

1410 1057 1502 1098 ibat
1532 1057 1615 1099 sine
1654 1055 1904 1100 difficultate
1934 1056 2044 1112 apud
2073 1054 2357 1098 Informantes

1410 1131 1490 1173 pro
1506 1115 1686 1174 Iosepho
1700 1146 1714 1165 ,
1732 1120 1876 1175 quiex
1891 1131 1940 1160 ea
1953 1115 2083 1160 solam
2100 1116 2355 1171 integralem

1410 1180 1712 1234 pertinentiam
1742 1176 2099 1234 Iurispatronatus
2130 1205 2144 1226 ,
2175 1173 2359 1233 absquo

1410 1239 1589 1292 alicujus
1602 1239 2027 1295 comparticipatione
2059 1237 2212 1280 deduci
2238 1233 2357 1293 posse

1409 1299 1734 1343 contendebant
1749 1328 1763 1348 ,
1791 1313 1877 1342 non
1893 1299 1995 1342 vero
2018 1298 2136 1356 quod
2152 1299 2262 1340 inter
2277 1310 2356 1339 eos

1409 1374 1488 1415 pro
1507 1360 1620 1402 virili
1638 1389 1650 1409 ‚
1670 1364 1710 1403 δι
1726 1361 1946 1417 aequaliter
1971 1360 2232 1414 pertinerent
2248 1386 2261 1407 ,
2289 1359 2356 1400 ni-

1406 1420 1639 1463 hilominus
1656 1422 1810 1478 quiain
1843 1418 2062 1462 succeffiva
2090 1421 2351 1466 vacationes,

1406 1479 1747 1524 discordantibus
1767 1478 2175 1537 praesentationibus,
2190 1492 2354 1535 praeva-

1406 1541 1545 1583 luitin
1567 1542 1903 1584 contradictorio
1932 1541 2094 1593 jndicio
2125 1538 2351 1596 praesenta-
2418 1560 2420 1562 ¹

1406 1602 1471 1644 tio
1483 1602 1847 1644 Commendatarii
1872 1615 1967 1644 cum
1995 1598 2250 1658 subsequuta
2281 1613 2351 1642 ac-

1406 1659 1669 1720 quiescentia
1686 1663 2002 1717 competitoris
2017 1689 2030 1710 ,
2049 1673 2176 1717 prout
2193 1663 2349 1703 etiam.-

1406 1723 1648 1778 contigitin
1669 1722 1817 1765 ultimo
1835 1723 1938 1765 statu
1962 1752 1976 1771 ,
2012 1722 2111 1765 inde
2130 1723 2198 1766 vel
2228 1721 2352 1764 fateri

1405 1794 1580 1839 oportet
1596 1783 1746 1826 dictam
1764 1781 1988 1825 clausulam
2019 1783 2074 1824 de
2101 1797 2256 1828 caetero
2288 1784 2354 1825 ul·-

1405 1843 1558 1886 tronee
1574 1872 1587 1891 ,
1603 1847 1643 1886 δε
1663 1843 1946 1900 ρετῗιιηόὶοτὶὲ
1977 1841 2318 1899 superadditam
2333 1870 2350 1892 ,

1404 1902 1522 1946 fuisse
1540 1917 1761 1946 erroneam
1776 1933 1790 1953 ,
1811 1907 1851 1947 &
1867 1905 2035 1946 minime
2051 1905 2095 1945 in
2123 1905 2232 1947 facto
2246 1917 2351 1959 pro·-

1405 1965 1545 2006 batam
1561 1965 1613 2007 ad
1631 1963 1791 2007 firmata
1819 1979 1892 2021 per
1915 1968 2058 2006 Rotam
2082 1964 2123 2005 in
2147 1963 2351 2006 Mediola-

1401 2038 1490 2066 nen.
1506 2025 1762 2080 Cappellaniae
1779 2039 1820 2074 9.
1838 2025 1948 2077 Maji
1969 2037 2093 2074 1701.
2110 2029 2150 2072 5.
2168 2028 2219 2066 Et
2233 2035 2350 2066 tanto

1399 2085 1532 2141 magis
1545 2099 1677 2126 coram
1692 2085 1996 2142 Eminentiffimo
2012 2090 2068 2128 D.
2086 2099 2167 2126 meo
2181 2085 2349 2130 cardin.

1401 2145 1560 2193 Priolo;
1592 2147 1673 2188 Vel
1692 2157 1900 2203 quatenus
1917 2146 2072 2188 exinde
2084 2147 2347 2197 imminuta-i,

1399 2219 1449 2247 ac
1473 2206 1743 2262 praejudicata
1759 2204 2002 2249 remanserit
2027 2205 2141 2264 quasi
2157 2204 2349 2262 poffeffio

1401 2266 1677 2307 Commendae
1705 2293 1719 2314 ,
1750 2264 2011 2321 superventis
2040 2267 2199 2309 deinde
2222 2268 2348 2310 novis

1400 2322 1623 2367 sententiis
1638 2353 1652 2373 ,
1667 2323 1876 2383 novisque
1893 2339 2077 2384 quatuor
2093 2327 2268 2370 statibus
2289 2328 2349 2369 ei-

1399 2385 1499 2427 dem
1515 2386 1796 2427 cnunciativae
1812 2387 2037 2428 contrariis
2063 2414 2076 2434 ,
2109 2389 2346 2432 Commem

1394 2445 1586 2487 -datarius
1599 2446 1816 2487 restitutus
1835 2446 1878 2488 in
1898 2460 2069 2488 omnem
2094 2445 2231 2490 casum
2256 2476 2270 2496 ,
2302 2453 2344 2492 δε

1395 2507 1683 2561 reintegratus
1698 2502 1860 2546 censeri
1876 2507 2056 2548 deberet
2074 2508 2117 2549 in
2136 2507 2226 2559 ejus
2243 2511 2344 2552 anti.

1397 2579 1483 2623 qua
1501 2564 1614 2623 quasi
1630 2562 1874 2621 possessione
1890 2564 2184 2621 praesentandi,
2199 2570 2343 2612 Rota...

1395 2625 1438 2666 in
1453 2640 1531 2666 rec.
1547 2625 1661 2678 decis.
1673 2639 1686 2666 1
1697 2638 1768 2677 34.
1781 2638 1978 2676 num.14.‚
1989 2625 2038 2669 &⁴
2041 2627 2162 2683 fiqq.
2168 2639 2286 2680 pam
2296 2644 2339 2684 3.

1397 2686 1448 2728 &⁶
1462 2686 1503 2726 in
1513 2685 1706 2727 Colonien.
1720 2686 1904 2741 Beneficii
1920 2700 1939 2725 2
1955 2687 2198 2746 1.⁶Januarii
2212 2702 2340 2743 1700.

1397 2751 1436 2794 §.
1453 2753 1534 2790 Nec
1547 2745 1723 2800 subsistit
1739 2760 1874 2787 coram
1893 2747 1952 2789 ho.
1979 2761 2052 2789 me.
2075 2747 2304 2806 ‘’Jacometto
2323 2779 2337 2800 ,
2355 2745 2357 2747 ’

1397 2805 1447 2849 &³
1462 2807 1504 2847 in
1522 2806 1725 2849 Bononien.
1741 2806 1927 2861 Benefici-i
1940 2809 1986 2848 de
2002 2809 2166 2862 castello
2186 2822 2202 2849 1
2214 2814 2341 2852 2.De-

1394 2867 1559 2907 cembris
1583 2879 1708 2916 1712.
1730 2871 1918 2914 §.Verum
1933 2882 2065 2908 coram
2090 2872 2340 2913 R.P.D.meo

1393 2925 1593 2980 Criſj20,&
1606 2926 1647 2967 in
1663 2926 1790 2968 Vicen.
1806 2927 2049 2969 Parochialis
2062 2929 2109 2969 de
2125 2931 2334 2986 Aqualau

1397 2999 1435 3028 1.
1465 2986 1575 3045 ‘Julii
1599 2986 1770 3041 ejusdem
1800 2988 1896 3029 anni
1933 2994 1972 3036 5.
1986 2989 2154 3046 Liquido
2169 3003 2336 3033 coram.-

1389 3047 1517 3088 eodem
1534 3076 1545 3087 .

1450 3108 1503 3148 Et
1521 3108 1619 3162 hinc
1637 3107 1821 3150 constito
1837 3136 1851 3156 ,
1882 3110 2001 3167 quod
2017 3110 2201 3167 inspecto
2229 3123 2335 3167 prce-

1389 3164 1676 3210 sentationum
1695 3182 1871 3210 numero
1891 3198 1904 3218 ,
1925 3175 1964 3212 &
1981 3172 2202 3228 qualitate,
2219 3171 2334 3228 quasi

1391 3226 1578 3284 possessio
1593 3229 1870 3272 Commendas
1887 3228 2065 3286 superat,
2080 3235 2120 3272 &
2131 3228 2332 3274 absorbet

1390 3289 1566 3330 alteram
1578 3290 1876 3347 primogeniti,
1892 3291 2064 3332 Domini
2082 3291 2133 3332 ab
2146 3305 2193 3333 ea
2211 3305 2332 3334 rece-

1392 3348 1436 3389 di
1453 3362 1538 3391 non
1556 3346 1669 3404 posse
1681 3351 1976 3392 authumarunt
2002 3347 2073 3392 sub
2106 3352 2289 3395 obtentu
2317 3380 2333 3402 ,

1391 3409 1511 3464 quod
1528 3408 1674 3452 favore
1705 3409 1888 3460 ejusdem
1920 3411 2195 3466 primogeniti
2225 3407 2331 3455 con-

1390 3468 1513 3510 staret
1530 3470 1582 3510 de
1597 3470 1748 3527 aequali
1765 3470 2330 3530 pertinentia-Iurispatrona-

1389 3539 1484 3576 tus;
1516 3530 1627 3573 Nam
1639 3531 1830 3589 quamvis
1842 3530 1937 3574 Sac.
1964 3531 2073 3576 Rota
2105 3533 2328 3576 recedere:

2194 3606 2330 3652 quan-
